<?xml version="1.0" encoding="UTF-8"?>
<!DOCTYPE html PUBLIC "-//W3C//DTD XHTML 1.0 Transitional//EN"
    "http://www.w3.org/TR/xhtml1/DTD/xhtml1-transitional.dtd">
<html xmlns="http://www.w3.org/1999/xhtml" xml:lang="en" lang="en">
 <head>
  <title>
</title>
<meta http-equiv="Content-Type" content="text/html;charset=utf-8" />
  <meta name='ocr-system' content='tesseract 3.04.00' />
  <meta name='ocr-capabilities' content='ocr_page ocr_carea ocr_par ocr_line ocrx_word'/>
</head>
<body>
  <div class='ocr_page' id='page_1' title='image "./grammaticaceltic02zeus_0248.png"; bbox 0 0 1920 3220; ppageno 0'>
   <div class='ocr_carea' id='block_1_1' title="bbox 217 187 1498 234">
    <p class='ocr_par' dir='ltr' id='par_1_1' title="bbox 217 187 1498 234">
     <span class='ocr_line' id='line_1_1' title="bbox 217 187 1498 234; baseline 0.006 -9"><span class='ocrx_word' id='word_1_1' title='bbox 217 187 296 226; x_wconf 78' lang='lat'>798</span> <span class='ocrx_word' id='word_1_2' title='bbox 469 189 523 228; x_wconf 87' lang='lat' dir='ltr'>V.</span> <span class='ocrx_word' id='word_1_3' title='bbox 555 192 590 227; x_wconf 92' lang='lat'>1.</span> <span class='ocrx_word' id='word_1_4' title='bbox 639 202 882 230; x_wconf 75' lang='lat' dir='ltr'><strong>DERIVATIO</strong></span> <span class='ocrx_word' id='word_1_5' title='bbox 905 203 1175 232; x_wconf 81' lang='lat' dir='ltr'><strong>BRITANNICA</strong></span> <span class='ocrx_word' id='word_1_6' title='bbox 1196 204 1498 234; x_wconf 77' lang='lat' dir='ltr'>LIQUIDARUM.</span> 
     </span>
    </p>
   </div>
   <div class='ocr_carea' id='block_1_2' title="bbox 204 300 1763 2181">
    <p class='ocr_par' dir='ltr' id='par_1_2' title="bbox 204 300 1761 915">
     <span class='ocr_line' id='line_1_2' title="bbox 215 300 1754 360; baseline 0.005 -21"><span class='ocrx_word' id='word_1_7' title='bbox 215 300 345 353; x_wconf 57' lang='lat' dir='ltr'>diere)</span> <span class='ocrx_word' id='word_1_8' title='bbox 375 301 402 339; x_wconf 84' lang='lat' dir='ltr'><strong>J</strong></span> <span class='ocrx_word' id='word_1_9' title='bbox 406 314 555 340; x_wconf 85' lang='lat' dir='ltr'>uvene.</span> <span class='ocrx_word' id='word_1_10' title='bbox 589 301 834 355; x_wconf 80' lang='lat' dir='ltr'>Cantabrig.</span> <span class='ocrx_word' id='word_1_11' title='bbox 859 302 1032 343; x_wconf 74' lang='lat' dir='ltr'>hestaur</span> <span class='ocrx_word' id='word_1_12' title='bbox 1063 302 1287 355; x_wconf 73' lang='lat' dir='ltr'>(sextarius</span> <span class='ocrx_word' id='word_1_13' title='bbox 1297 320 1307 352; x_wconf 89' lang='lat'>;</span> <span class='ocrx_word' id='word_1_14' title='bbox 1342 304 1440 344; x_wconf 85' lang='lat' dir='ltr'>hod.</span> <span class='ocrx_word' id='word_1_15' title='bbox 1475 305 1666 355; x_wconf 74' lang='lat' dir='ltr'>kestawr,</span> <span class='ocrx_word' id='word_1_16' title='bbox 1696 307 1754 360; x_wconf 89' lang='lat' dir='ltr'>pl.</span> 
     </span>
     <span class='ocr_line' id='line_1_3' title="bbox 213 371 1754 429; baseline 0.005 -19"><span class='ocrx_word' id='word_1_17' title='bbox 213 371 424 420; x_wconf 65' lang='lat' dir='ltr'>hester-au,</span> <span class='ocrx_word' id='word_1_18' title='bbox 440 371 633 411; x_wconf 87' lang='lat' dir='ltr'>feminini</span> <span class='ocrx_word' id='word_1_19' title='bbox 650 372 815 425; x_wconf 81' lang='lat' dir='ltr'>generis</span> <span class='ocrx_word' id='word_1_20' title='bbox 832 373 875 412; x_wconf 90' lang='lat' dir='ltr'>in</span> <span class='ocrx_word' id='word_1_21' title='bbox 893 373 1057 425; x_wconf 75' lang='lat' dir='ltr'>lexicis)</span> <span class='ocrx_word' id='word_1_22' title='bbox 1075 373 1132 426; x_wconf 84' lang='lat' dir='ltr'>gl.</span> <span class='ocrx_word' id='word_1_23' title='bbox 1147 373 1287 413; x_wconf 78' lang='lat' dir='ltr'>Oxon.</span> <span class='ocrx_word' id='word_1_24' title='bbox 1313 374 1435 414; x_wconf 85' lang='lat' dir='ltr'>Viros</span> <span class='ocrx_word' id='word_1_25' title='bbox 1455 375 1754 429; x_wconf 82' lang='lat' dir='ltr'>significantia:</span> 
     </span>
     <span class='ocr_line' id='line_1_4' title="bbox 204 441 1760 500; baseline 0.005 -21"><span class='ocrx_word' id='word_1_26' title='bbox 204 441 389 493; x_wconf 71' lang='lat' dir='ltr'>pz&#39;spccur</span> <span class='ocrx_word' id='word_1_27' title='bbox 412 441 510 495; x_wconf 81' lang='lat' dir='ltr'>(leg.</span> <span class='ocrx_word' id='word_1_28' title='bbox 528 442 753 495; x_wconf 69' lang='lat' dir='ltr'>pippaur?</span> <span class='ocrx_word' id='word_1_29' title='bbox 776 443 948 495; x_wconf 79' lang='lat' dir='ltr'>tibicen)</span> <span class='ocrx_word' id='word_1_30' title='bbox 970 444 1027 496; x_wconf 77' lang='lat' dir='ltr'>gl.</span> <span class='ocrx_word' id='word_1_31' title='bbox 1050 444 1188 483; x_wconf 81' lang='lat' dir='ltr'>Oxou.</span> <span class='ocrx_word' id='word_1_32' title='bbox 1214 443 1428 484; x_wconf 65' lang='lat' dir='ltr'>lzezcssawr</span> <span class='ocrx_word' id='word_1_33' title='bbox 1450 447 1641 499; x_wconf 81' lang='lat' dir='ltr'>(pastor),</span> <span class='ocrx_word' id='word_1_34' title='bbox 1658 461 1760 500; x_wconf 74' lang='lat' dir='ltr'>por-</span> 
     </span>
     <span class='ocr_line' id='line_1_5' title="bbox 214 510 1756 568; baseline 0.005 -19"><span class='ocrx_word' id='word_1_35' title='bbox 214 510 348 550; x_wconf 70' lang='lat' dir='ltr'>tham·</span> <span class='ocrx_word' id='word_1_36' title='bbox 370 512 619 563; x_wconf 84' lang='lat' dir='ltr'>(portarius;</span> <span class='ocrx_word' id='word_1_37' title='bbox 645 512 742 552; x_wconf 91' lang='lat' dir='ltr'>hod.</span> <span class='ocrx_word' id='word_1_38' title='bbox 769 513 976 562; x_wconf 72' lang='lat' dir='ltr'>heztsawr,</span> <span class='ocrx_word' id='word_1_39' title='bbox 993 513 1228 566; x_wconf 70' lang='lat' dir='ltr'>porthawr,</span> <span class='ocrx_word' id='word_1_40' title='bbox 1254 515 1313 567; x_wconf 89' lang='lat' dir='ltr'>pl.</span> <span class='ocrx_word' id='word_1_41' title='bbox 1341 515 1492 568; x_wconf 55' lang='lat' dir='ltr'>mrim.)</span> <span class='ocrx_word' id='word_1_42' title='bbox 1516 517 1631 556; x_wconf 79' lang='lat' dir='ltr'>Mab.</span> <span class='ocrx_word' id='word_1_43' title='bbox 1658 521 1694 566; x_wconf 89' lang='lat'>1,</span> <span class='ocrx_word' id='word_1_44' title='bbox 1720 522 1756 557; x_wconf 93' lang='lat'>1.</span> 
     </span>
     <span class='ocr_line' id='line_1_6' title="bbox 214 583 1756 641; baseline 0.005 -22"><span class='ocrx_word' id='word_1_45' title='bbox 214 585 252 629; x_wconf 96' lang='lat'>2,</span> <span class='ocrx_word' id='word_1_46' title='bbox 281 584 376 620; x_wconf 88' lang='lat'>201.</span> <span class='ocrx_word' id='word_1_47' title='bbox 405 585 499 621; x_wconf 87' lang='lat'>215.</span> <span class='ocrx_word' id='word_1_48' title='bbox 528 585 622 622; x_wconf 90' lang='lat'>216.</span> <span class='ocrx_word' id='word_1_49' title='bbox 663 583 931 623; x_wconf 69' lang='lat' dir='ltr'>cccreleczrazcr</span> <span class='ocrx_word' id='word_1_50' title='bbox 962 583 1207 637; x_wconf 77' lang='lat' dir='ltr'>(captivus)</span> <span class='ocrx_word' id='word_1_51' title='bbox 1243 590 1288 634; x_wconf 91' lang='lat'>1,</span> <span class='ocrx_word' id='word_1_52' title='bbox 1316 588 1409 624; x_wconf 78' lang='lat'>254.</span> <span class='ocrx_word' id='word_1_53' title='bbox 1438 590 1481 635; x_wconf 91' lang='lat'>2,</span> <span class='ocrx_word' id='word_1_54' title='bbox 1510 589 1613 636; x_wconf 84' lang='lat'>231,</span> <span class='ocrx_word' id='word_1_55' title='bbox 1647 587 1756 641; x_wconf 87' lang='lat' dir='ltr'>plur.</span> 
     </span>
     <span class='ocr_line' id='line_1_7' title="bbox 212 651 1761 706; baseline 0.005 -16"><span class='ocrx_word' id='word_1_56' title='bbox 212 651 527 706; x_wconf 70' lang='lat' dir='ltr'>karcharoryon</span> <span class='ocrx_word' id='word_1_57' title='bbox 556 653 624 706; x_wconf 92' lang='lat' dir='ltr'>(p.</span> <span class='ocrx_word' id='word_1_58' title='bbox 654 655 759 705; x_wconf 87' lang='lat'>294)</span> <span class='ocrx_word' id='word_1_59' title='bbox 792 654 907 692; x_wconf 75' lang='lat' dir='ltr'>Mab.</span> <span class='ocrx_word' id='word_1_60' title='bbox 937 657 983 702; x_wconf 89' lang='lat'>2,</span> <span class='ocrx_word' id='word_1_61' title='bbox 1012 658 1116 703; x_wconf 84' lang='lat'>372,</span> <span class='ocrx_word' id='word_1_62' title='bbox 1149 655 1444 695; x_wconf 81' lang='lat' dir='ltr'>concordantia</span> <span class='ocrx_word' id='word_1_63' title='bbox 1473 655 1518 696; x_wconf 88' lang='lat' dir='ltr'>in</span> <span class='ocrx_word' id='word_1_64' title='bbox 1554 657 1684 697; x_wconf 88' lang='lat' dir='ltr'>forma</span> <span class='ocrx_word' id='word_1_65' title='bbox 1720 664 1761 697; x_wconf 85' lang='lat' dir='ltr'>et</span> 
     </span>
     <span class='ocr_line' id='line_1_8' title="bbox 213 721 1756 780; baseline 0.005 -20"><span class='ocrx_word' id='word_1_66' title='bbox 213 721 392 761; x_wconf 77' lang='lat' dir='ltr'>flexione</span> <span class='ocrx_word' id='word_1_67' title='bbox 414 736 510 762; x_wconf 84' lang='lat' dir='ltr'>eum</span> <span class='ocrx_word' id='word_1_68' title='bbox 532 722 614 775; x_wconf 86' lang='lat' dir='ltr'>adj.</span> <span class='ocrx_word' id='word_1_69' title='bbox 640 722 684 762; x_wconf 92' lang='lat' dir='ltr'>in</span> <span class='ocrx_word' id='word_1_70' title='bbox 707 724 812 771; x_wconf 60' lang='grc' dir='ltr'>-αιῑιῖ,</span> <span class='ocrx_word' id='word_1_71' title='bbox 840 738 936 763; x_wconf 76' lang='lat' dir='ltr'>-ccuc</span> <span class='ocrx_word' id='word_1_72' title='bbox 959 728 1018 776; x_wconf 89' lang='lat' dir='ltr'>(p.</span> <span class='ocrx_word' id='word_1_73' title='bbox 1042 728 1156 776; x_wconf 75' lang='lat'>294).</span> <span class='ocrx_word' id='word_1_74' title='bbox 1194 726 1486 780; x_wconf 88' lang='lat' dir='ltr'>Compositum</span> <span class='ocrx_word' id='word_1_75' title='bbox 1507 741 1602 766; x_wconf 81' lang='lat' dir='ltr'>eum</span> <span class='ocrx_word' id='word_1_76' title='bbox 1625 728 1756 767; x_wconf 86' lang='lat' dir='ltr'>subst.</span> 
     </span>
     <span class='ocr_line' id='line_1_9' title="bbox 213 792 1761 847; baseline 0.004 -16"><span class='ocrx_word' id='word_1_77' title='bbox 213 806 302 832; x_wconf 78' lang='lat' dir='ltr'>awr</span> <span class='ocrx_word' id='word_1_78' title='bbox 324 792 460 843; x_wconf 85' lang='lat' dir='ltr'>(hora)</span> <span class='ocrx_word' id='word_1_79' title='bbox 489 792 655 832; x_wconf 86' lang='lat' dir='ltr'>videtur</span> <span class='ocrx_word' id='word_1_80' title='bbox 683 793 889 833; x_wconf 72' lang='lat' dir='ltr'>nee&#39;tlzcczcr</span> <span class='ocrx_word' id='word_1_81' title='bbox 921 794 1137 847; x_wconf 81' lang='lat' dir='ltr'>(nuptiae3</span> <span class='ocrx_word' id='word_1_82' title='bbox 1172 795 1270 835; x_wconf 90' lang='lat' dir='ltr'>hod.</span> <span class='ocrx_word' id='word_1_83' title='bbox 1304 796 1547 845; x_wconf 72' lang='lat' dir='ltr'>neithiazcr,</span> <span class='ocrx_word' id='word_1_84' title='bbox 1582 796 1761 837; x_wconf 66' lang='lat' dir='ltr'>neitlm&#39;or</span> 
     </span>
     <span class='ocr_line' id='line_1_10' title="bbox 211 862 784 915; baseline 0 -13"><span class='ocrx_word' id='word_1_85' title='bbox 211 862 331 915; x_wconf 87' lang='lat' dir='ltr'>fem.)</span> <span class='ocrx_word' id='word_1_86' title='bbox 355 863 471 902; x_wconf 74' lang='lat' dir='ltr'>Mab.</span> <span class='ocrx_word' id='word_1_87' title='bbox 500 866 538 911; x_wconf 90' lang='grc'>2,</span> <span class='ocrx_word' id='word_1_88' title='bbox 566 866 660 901; x_wconf 90' lang='grc'>221.</span> <span class='ocrx_word' id='word_1_89' title='bbox 689 866 784 902; x_wconf 82' lang='grc'>223.</span> 
     </span>
    </p>

    <p class='ocr_par' dir='ltr' id='par_1_3' title="bbox 206 932 1762 1411">
     <span class='ocr_line' id='line_1_11' title="bbox 326 932 1759 989; baseline 0.002 -16"><span class='ocrx_word' id='word_1_90' title='bbox 326 933 504 973; x_wconf 81' lang='lat' dir='ltr'>Cornica</span> <span class='ocrx_word' id='word_1_91' title='bbox 525 932 570 972; x_wconf 89' lang='lat' dir='ltr'>in</span> <span class='ocrx_word' id='word_1_92' title='bbox 592 948 657 972; x_wconf 80' lang='lat' dir='ltr'>-or</span> <span class='ocrx_word' id='word_1_93' title='bbox 679 948 699 973; x_wconf 91' lang='lat' dir='ltr'>e</span> <span class='ocrx_word' id='word_1_94' title='bbox 722 934 877 974; x_wconf 73' lang='lat' dir='ltr'>Vocab.</span> <span class='ocrx_word' id='word_1_95' title='bbox 906 933 967 983; x_wconf 91' lang='lat' dir='ltr'>(in</span> <span class='ocrx_word' id='word_1_96' title='bbox 991 948 1072 987; x_wconf 89' lang='lat' dir='ltr'>quo</span> <span class='ocrx_word' id='word_1_97' title='bbox 1095 934 1221 975; x_wconf 87' lang='lat' dir='ltr'>etiam</span> <span class='ocrx_word' id='word_1_98' title='bbox 1244 950 1307 975; x_wconf 77' lang='lat' dir='ltr'>-oo</span> <span class='ocrx_word' id='word_1_99' title='bbox 1329 942 1390 975; x_wconf 86' lang='lat' dir='ltr'>est</span> <span class='ocrx_word' id='word_1_100' title='bbox 1411 951 1484 989; x_wconf 88' lang='lat' dir='ltr'>pro</span> <span class='ocrx_word' id='word_1_101' title='bbox 1507 940 1642 988; x_wconf 69' lang='lat' dir='ltr'>-azto):</span> <span class='ocrx_word' id='word_1_102' title='bbox 1677 937 1759 976; x_wconf 78' lang='lat' dir='ltr'>cal-</span> 
     </span>
     <span class='ocr_line' id='line_1_12' title="bbox 213 1004 1760 1059; baseline 0.003 -17"><span class='ocrx_word' id='word_1_103' title='bbox 213 1010 275 1043; x_wconf 72' lang='lat' dir='ltr'>z&#39;or</span> <span class='ocrx_word' id='word_1_104' title='bbox 298 1004 512 1056; x_wconf 78' lang='lat' dir='ltr'>(cacabus3</span> <span class='ocrx_word' id='word_1_105' title='bbox 545 1024 602 1037; x_wconf 83' lang='lat'>=</span> <span class='ocrx_word' id='word_1_106' title='bbox 631 1005 785 1043; x_wconf 82' lang='lat' dir='ltr'>cambr.</span> <span class='ocrx_word' id='word_1_107' title='bbox 819 1004 1026 1056; x_wconf 68' lang='lat' dir='ltr'>callam),</span> <span class='ocrx_word' id='word_1_108' title='bbox 1063 1005 1210 1045; x_wconf 75' lang='lat' dir='ltr'>batkor</span> <span class='ocrx_word' id='word_1_109' title='bbox 1232 1006 1560 1059; x_wconf 88' lang='lat' dir='ltr'>(numularius),</span> <span class='ocrx_word' id='word_1_110' title='bbox 1596 1006 1760 1046; x_wconf 74' lang='lat' dir='ltr'>maidor</span> 
     </span>
     <span class='ocr_line' id='line_1_13' title="bbox 213 1073 1760 1129; baseline 0.003 -17"><span class='ocrx_word' id='word_1_111' title='bbox 213 1076 408 1126; x_wconf 82' lang='lat' dir='ltr'>(caupo),</span> <span class='ocrx_word' id='word_1_112' title='bbox 445 1073 640 1113; x_wconf 69' lang='lat' dir='ltr'>lealoinor</span> <span class='ocrx_word' id='word_1_113' title='bbox 662 1074 921 1127; x_wconf 83' lang='lat' dir='ltr'>(salinator),</span> <span class='ocrx_word' id='word_1_114' title='bbox 947 1075 1157 1129; x_wconf 52' lang='lat' dir='ltr'>leargf&#39;ellor</span> <span class='ocrx_word' id='word_1_115' title='bbox 1179 1076 1383 1129; x_wconf 86' lang='lat' dir='ltr'>(fidicen),</span> <span class='ocrx_word' id='word_1_116' title='bbox 1399 1074 1597 1117; x_wconf 54' lang='grc' dir='ltr'>7(Ιαναᾱον</span> <span class='ocrx_word' id='word_1_117' title='bbox 1620 1077 1760 1123; x_wconf 88' lang='lat' dir='ltr'>(ostia-</span> 
     </span>
     <span class='ocr_line' id='line_1_14' title="bbox 211 1143 1756 1198; baseline 0.002 -15"><span class='ocrx_word' id='word_1_118' title='bbox 211 1144 331 1197; x_wconf 87' lang='lat' dir='ltr'>rius).</span> <span class='ocrx_word' id='word_1_119' title='bbox 377 1144 488 1183; x_wconf 82' lang='lat' dir='ltr'>Sunt</span> <span class='ocrx_word' id='word_1_120' title='bbox 516 1143 642 1184; x_wconf 88' lang='lat' dir='ltr'>etiam</span> <span class='ocrx_word' id='word_1_121' title='bbox 671 1145 907 1185; x_wconf 72' lang='lat' dir='ltr'>desinentia</span> <span class='ocrx_word' id='word_1_122' title='bbox 936 1145 980 1185; x_wconf 89' lang='lat' dir='ltr'>in</span> <span class='ocrx_word' id='word_1_123' title='bbox 1011 1146 1102 1185; x_wconf 74' lang='lat'>-2&#39;07’</span> <span class='ocrx_word' id='word_1_124' title='bbox 1130 1146 1174 1186; x_wconf 90' lang='lat' dir='ltr'>in</span> <span class='ocrx_word' id='word_1_125' title='bbox 1205 1148 1373 1186; x_wconf 88' lang='lat' dir='ltr'>eodem:</span> <span class='ocrx_word' id='word_1_126' title='bbox 1406 1147 1548 1186; x_wconf 71' lang='lat' dir='ltr'>reclz&#39;or</span> <span class='ocrx_word' id='word_1_127' title='bbox 1577 1146 1756 1198; x_wconf 80' lang='lat' dir='ltr'>(lector),</span> 
     </span>
     <span class='ocr_line' id='line_1_15' title="bbox 206 1214 1757 1269; baseline 0.001 -16"><span class='ocrx_word' id='word_1_128' title='bbox 206 1214 384 1268; x_wconf 55' lang='lat' dir='ltr'>(fraudor</span> <span class='ocrx_word' id='word_1_129' title='bbox 402 1214 640 1268; x_wconf 76' lang='lat' dir='ltr'>(sculptor),</span> <span class='ocrx_word' id='word_1_130' title='bbox 662 1215 849 1255; x_wconf 71' lang='lat' dir='ltr'>lceirm&#39;or</span> <span class='ocrx_word' id='word_1_131' title='bbox 867 1216 1012 1268; x_wconf 84' lang='lat' dir='ltr'>(faber,</span> <span class='ocrx_word' id='word_1_132' title='bbox 1033 1216 1261 1269; x_wconf 84' lang='lat' dir='ltr'>ferrarius),</span> <span class='ocrx_word' id='word_1_133' title='bbox 1285 1216 1473 1257; x_wconf 68' lang='lat' dir='ltr'>teleim&#39;or</span> <span class='ocrx_word' id='word_1_134' title='bbox 1490 1216 1757 1269; x_wconf 83' lang='lat' dir='ltr'>(citharista).</span> 
     </span>
     <span class='ocr_line' id='line_1_16' title="bbox 212 1284 1762 1340; baseline 0.001 -17"><span class='ocrx_word' id='word_1_135' title='bbox 212 1285 295 1324; x_wconf 82' lang='lat' dir='ltr'>Sed</span> <span class='ocrx_word' id='word_1_136' title='bbox 332 1284 559 1337; x_wconf 85' lang='lat' dir='ltr'>quaeritur,</span> <span class='ocrx_word' id='word_1_137' title='bbox 586 1300 728 1325; x_wconf 86' lang='lat' dir='ltr'>annon</span> <span class='ocrx_word' id='word_1_138' title='bbox 764 1286 867 1325; x_wconf 84' lang='lat' dir='ltr'>haee</span> <span class='ocrx_word' id='word_1_139' title='bbox 898 1294 939 1326; x_wconf 88' lang='lat' dir='ltr'>et</span> <span class='ocrx_word' id='word_1_140' title='bbox 970 1287 1311 1328; x_wconf 81' lang='lat' dir='ltr'>antecedentium</span> <span class='ocrx_word' id='word_1_141' title='bbox 1341 1287 1481 1340; x_wconf 88' lang='lat' dir='ltr'>aliqua</span> <span class='ocrx_word' id='word_1_142' title='bbox 1510 1285 1762 1326; x_wconf 85' lang='lat' dir='ltr'>conveniant</span> 
     </span>
     <span class='ocr_line' id='line_1_17' title="bbox 212 1355 811 1411; baseline 0.003 -17"><span class='ocrx_word' id='word_1_143' title='bbox 212 1370 309 1394; x_wconf 83' lang='grc'>011111</span> <span class='ocrx_word' id='word_1_144' title='bbox 330 1355 546 1395; x_wconf 84' lang='lat' dir='ltr'>eambricis</span> <span class='ocrx_word' id='word_1_145' title='bbox 570 1371 662 1405; x_wconf 76' lang='lat' dir='ltr'>-wr,</span> <span class='ocrx_word' id='word_1_146' title='bbox 690 1371 811 1411; x_wconf 73' lang='lat' dir='ltr'>-ywr,</span> 
     </span>
    </p>

    <p class='ocr_par' dir='ltr' id='par_1_4' title="bbox 211 1425 1763 1762">
     <span class='ocr_line' id='line_1_18' title="bbox 323 1425 1761 1480; baseline 0.001 -16"><span class='ocrx_word' id='word_1_147' title='bbox 323 1425 541 1465; x_wconf 80' lang='lat' dir='ltr'>Armorica</span> <span class='ocrx_word' id='word_1_148' title='bbox 576 1426 622 1466; x_wconf 89' lang='lat' dir='ltr'>in</span> <span class='ocrx_word' id='word_1_149' title='bbox 653 1442 723 1466; x_wconf 76' lang='lat' dir='ltr'>-er</span> <span class='ocrx_word' id='word_1_150' title='bbox 755 1429 814 1480; x_wconf 88' lang='lat' dir='ltr'>(p.</span> <span class='ocrx_word' id='word_1_151' title='bbox 846 1429 942 1480; x_wconf 85' lang='lat'>113)</span> <span class='ocrx_word' id='word_1_152' title='bbox 973 1442 994 1467; x_wconf 88' lang='lat' dir='ltr'>e</span> <span class='ocrx_word' id='word_1_153' title='bbox 1026 1428 1165 1467; x_wconf 82' lang='lat' dir='ltr'>Buh.:</span> <span class='ocrx_word' id='word_1_154' title='bbox 1207 1427 1328 1468; x_wconf 70' lang='lat' dir='ltr'>cliner</span> <span class='ocrx_word' id='word_1_155' title='bbox 1360 1427 1619 1479; x_wconf 87' lang='lat' dir='ltr'>(denarius),</span> <span class='ocrx_word' id='word_1_156' title='bbox 1647 1425 1761 1478; x_wconf 70' lang='lat' dir='ltr'>piler</span> 
     </span>
     <span class='ocr_line' id='line_1_19' title="bbox 213 1495 1761 1551; baseline 0.001 -17"><span class='ocrx_word' id='word_1_157' title='bbox 213 1495 339 1550; x_wconf 82' lang='lat' dir='ltr'>(pila3</span> <span class='ocrx_word' id='word_1_158' title='bbox 371 1496 469 1535; x_wconf 92' lang='lat' dir='ltr'>hod.</span> <span class='ocrx_word' id='word_1_159' title='bbox 507 1496 648 1546; x_wconf 69' lang='lat' dir='ltr'>(liner,</span> <span class='ocrx_word' id='word_1_160' title='bbox 673 1497 825 1550; x_wconf 73' lang='lat' dir='ltr'>pe&#39;lle&#39;er</span> <span class='ocrx_word' id='word_1_161' title='bbox 855 1512 1009 1547; x_wconf 84' lang='lat' dir='ltr'>masc.,</span> <span class='ocrx_word' id='word_1_162' title='bbox 1040 1499 1098 1551; x_wconf 81' lang='lat' dir='ltr'>pl.</span> <span class='ocrx_word' id='word_1_163' title='bbox 1135 1500 1221 1551; x_wconf 77' lang='lat'>-02()</span> <span class='ocrx_word' id='word_1_164' title='bbox 1247 1503 1314 1547; x_wconf 88' lang='lat'>54,</span> <span class='ocrx_word' id='word_1_165' title='bbox 1344 1501 1408 1536; x_wconf 89' lang='lat'>12.</span> <span class='ocrx_word' id='word_1_166' title='bbox 1441 1501 1532 1545; x_wconf 88' lang='lat'>162,</span> <span class='ocrx_word' id='word_1_167' title='bbox 1561 1501 1598 1535; x_wconf 90' lang='grc'>2.</span> <span class='ocrx_word' id='word_1_168' title='bbox 1638 1496 1761 1536; x_wconf 69' lang='lat' dir='ltr'>Viros</span> 
     </span>
     <span class='ocr_line' id='line_1_20' title="bbox 212 1565 1756 1620; baseline -0.001 -15"><span class='ocrx_word' id='word_1_169' title='bbox 212 1565 517 1619; x_wconf 82' lang='lat' dir='ltr'>significantia:</span> <span class='ocrx_word' id='word_1_170' title='bbox 559 1567 710 1607; x_wconf 70' lang='lat' dir='ltr'>bccrner</span> <span class='ocrx_word' id='word_1_171' title='bbox 742 1567 911 1620; x_wconf 83' lang='lat' dir='ltr'>(judex)</span> <span class='ocrx_word' id='word_1_172' title='bbox 946 1571 1045 1617; x_wconf 86' lang='lat'>152,</span> <span class='ocrx_word' id='word_1_173' title='bbox 1076 1574 1112 1608; x_wconf 89' lang='lat'>7.</span> <span class='ocrx_word' id='word_1_174' title='bbox 1153 1574 1268 1608; x_wconf 72' lang='lat' dir='ltr'>noter</span> <span class='ocrx_word' id='word_1_175' title='bbox 1300 1568 1524 1620; x_wconf 88' lang='lat' dir='ltr'>(notarius)</span> <span class='ocrx_word' id='word_1_176' title='bbox 1562 1571 1661 1616; x_wconf 87' lang='lat'>156,</span> <span class='ocrx_word' id='word_1_177' title='bbox 1690 1570 1756 1605; x_wconf 84' lang='lat'>22.</span> 
     </span>
     <span class='ocr_line' id='line_1_21' title="bbox 211 1636 1763 1690; baseline 0.001 -15"><span class='ocrx_word' id='word_1_178' title='bbox 211 1651 371 1685; x_wconf 80' lang='lat' dir='ltr'>croeer,</span> <span class='ocrx_word' id='word_1_179' title='bbox 407 1651 553 1676; x_wconf 69' lang='lat' dir='ltr'>eroum·</span> <span class='ocrx_word' id='word_1_180' title='bbox 582 1639 776 1690; x_wconf 85' lang='lat' dir='ltr'>(creator)</span> <span class='ocrx_word' id='word_1_181' title='bbox 802 1641 868 1687; x_wconf 90' lang='lat'>22,</span> <span class='ocrx_word' id='word_1_182' title='bbox 899 1643 963 1677; x_wconf 95' lang='grc'>11.</span> <span class='ocrx_word' id='word_1_183' title='bbox 991 1643 1058 1686; x_wconf 81' lang='grc'>90,</span> <span class='ocrx_word' id='word_1_184' title='bbox 1089 1643 1153 1678; x_wconf 88' lang='grc'>15.</span> <span class='ocrx_word' id='word_1_185' title='bbox 1184 1642 1276 1688; x_wconf 87' lang='lat'>124,</span> <span class='ocrx_word' id='word_1_186' title='bbox 1305 1642 1371 1678; x_wconf 87' lang='grc'>20.</span> <span class='ocrx_word' id='word_1_187' title='bbox 1403 1643 1495 1687; x_wconf 86' lang='grc'>176,</span> <span class='ocrx_word' id='word_1_188' title='bbox 1525 1642 1561 1677; x_wconf 89' lang='grc'>1.</span> <span class='ocrx_word' id='word_1_189' title='bbox 1596 1636 1763 1677; x_wconf 72' lang='lat' dir='ltr'>diuiner</span> 
     </span>
     <span class='ocr_line' id='line_1_22' title="bbox 212 1706 1189 1762; baseline 0.002 -16"><span class='ocrx_word' id='word_1_190' title='bbox 212 1706 455 1756; x_wconf 78' lang='lat' dir='ltr'>(divinator)</span> <span class='ocrx_word' id='word_1_191' title='bbox 481 1709 547 1755; x_wconf 71' lang='grc'>82,</span> <span class='ocrx_word' id='word_1_192' title='bbox 576 1710 641 1746; x_wconf 85' lang='grc'>22.</span> <span class='ocrx_word' id='word_1_193' title='bbox 687 1708 805 1747; x_wconf 89' lang='lat' dir='ltr'>Plur.</span> <span class='ocrx_word' id='word_1_194' title='bbox 831 1708 961 1749; x_wconf 69' lang='lat' dir='ltr'>-em‘en</span> <span class='ocrx_word' id='word_1_195' title='bbox 985 1710 1045 1762; x_wconf 90' lang='lat' dir='ltr'>(p.</span> <span class='ocrx_word' id='word_1_196' title='bbox 1074 1711 1189 1761; x_wconf 82' lang='grc'>295).</span> 
     </span>
    </p>

    <p class='ocr_par' dir='ltr' id='par_1_5' title="bbox 211 1775 1763 2112">
     <span class='ocr_line' id='line_1_23' title="bbox 326 1775 1763 1833; baseline 0 -17"><span class='ocrx_word' id='word_1_197' title='bbox 326 1777 523 1817; x_wconf 87' lang='lat' dir='ltr'>Formula</span> <span class='ocrx_word' id='word_1_198' title='bbox 546 1778 648 1817; x_wconf 80' lang='lat' dir='ltr'>EIR</span> <span class='ocrx_word' id='word_1_199' title='bbox 670 1777 713 1817; x_wconf 90' lang='lat' dir='ltr'>in</span> <span class='ocrx_word' id='word_1_200' title='bbox 732 1779 865 1818; x_wconf 86' lang='lat' dir='ltr'>subst.</span> <span class='ocrx_word' id='word_1_201' title='bbox 888 1779 1042 1820; x_wconf 70' lang='lat' dir='ltr'>llcsteir</span> <span class='ocrx_word' id='word_1_202' title='bbox 1061 1779 1429 1833; x_wconf 88' lang='lat' dir='ltr'>(impedimentum</span> <span class='ocrx_word' id='word_1_203' title='bbox 1442 1795 1451 1827; x_wconf 79' lang='lat'>3</span> <span class='ocrx_word' id='word_1_204' title='bbox 1478 1778 1575 1818; x_wconf 90' lang='lat' dir='ltr'>hod.</span> <span class='ocrx_word' id='word_1_205' title='bbox 1599 1775 1763 1817; x_wconf 70' lang='lat' dir='ltr'>llestair</span> 
     </span>
     <span class='ocr_line' id='line_1_24' title="bbox 212 1845 1758 1901; baseline -0.003 -13"><span class='ocrx_word' id='word_1_206' title='bbox 212 1863 357 1897; x_wconf 64' lang='lat' dir='ltr'>maso,</span> <span class='ocrx_word' id='word_1_207' title='bbox 383 1848 493 1901; x_wconf 88' lang='lat' dir='ltr'>plur.</span> <span class='ocrx_word' id='word_1_208' title='bbox 531 1848 779 1901; x_wconf 71' lang='lat' dir='ltr'>llesleiriczu)</span> <span class='ocrx_word' id='word_1_209' title='bbox 803 1850 919 1889; x_wconf 77' lang='lat' dir='ltr'>Mab.</span> <span class='ocrx_word' id='word_1_210' title='bbox 950 1855 985 1898; x_wconf 94' lang='lat'>1,</span> <span class='ocrx_word' id='word_1_211' title='bbox 1015 1855 1035 1888; x_wconf 84' lang='lat'>5</span> <span class='ocrx_word' id='word_1_212' title='bbox 1060 1850 1257 1890; x_wconf 81' lang='lat' dir='ltr'>convenit</span> <span class='ocrx_word' id='word_1_213' title='bbox 1286 1865 1383 1890; x_wconf 89' lang='lat' dir='ltr'>cum</span> <span class='ocrx_word' id='word_1_214' title='bbox 1414 1848 1628 1889; x_wconf 71' lang='lat' dir='ltr'>derivante</span> <span class='ocrx_word' id='word_1_215' title='bbox 1659 1845 1758 1885; x_wconf 58' lang='lat' dir='ltr'>-eim</span> 
     </span>
     <span class='ocr_line' id='line_1_25' title="bbox 212 1917 1757 1972; baseline -0.003 -14"><span class='ocrx_word' id='word_1_216' title='bbox 212 1919 380 1959; x_wconf 86' lang='lat' dir='ltr'>Cambr.</span> <span class='ocrx_word' id='word_1_217' title='bbox 407 1925 489 1957; x_wconf 88' lang='lat' dir='ltr'>vet.</span> <span class='ocrx_word' id='word_1_218' title='bbox 515 1917 665 1958; x_wconf 70' lang='lat' dir='ltr'>caitoir</span> <span class='ocrx_word' id='word_1_219' title='bbox 688 1920 855 1972; x_wconf 86' lang='lat' dir='ltr'>(pubes)</span> <span class='ocrx_word' id='word_1_220' title='bbox 878 1920 935 1972; x_wconf 81' lang='lat' dir='ltr'>gl.</span> <span class='ocrx_word' id='word_1_221' title='bbox 961 1920 1100 1959; x_wconf 79' lang='lat' dir='ltr'>Oxon.</span> <span class='ocrx_word' id='word_1_222' title='bbox 1128 1927 1189 1960; x_wconf 86' lang='lat' dir='ltr'>est</span> <span class='ocrx_word' id='word_1_223' title='bbox 1211 1920 1338 1960; x_wconf 73' lang='lat' dir='ltr'>kedor</span> <span class='ocrx_word' id='word_1_224' title='bbox 1360 1920 1403 1959; x_wconf 92' lang='lat' dir='ltr'>in</span> <span class='ocrx_word' id='word_1_225' title='bbox 1427 1921 1528 1971; x_wconf 73' lang='lat' dir='ltr'>Log.</span> <span class='ocrx_word' id='word_1_226' title='bbox 1556 1921 1593 1956; x_wconf 94' lang='lat'>2.</span> <span class='ocrx_word' id='word_1_227' title='bbox 1625 1921 1661 1956; x_wconf 90' lang='lat'>1.</span> <span class='ocrx_word' id='word_1_228' title='bbox 1689 1920 1757 1963; x_wconf 92' lang='lat'>27,</span> 
     </span>
     <span class='ocr_line' id='line_1_26' title="bbox 211 1985 1762 2039; baseline -0.002 -11"><span class='ocrx_word' id='word_1_229' title='bbox 211 1988 400 2028; x_wconf 75' lang='lat' dir='ltr'>hodiern.</span> <span class='ocrx_word' id='word_1_230' title='bbox 423 1989 601 2036; x_wconf 76' lang='lat' dir='ltr'>eeclawr,</span> <span class='ocrx_word' id='word_1_231' title='bbox 623 1990 744 2028; x_wconf 75' lang='lat' dir='ltr'>cedor</span> <span class='ocrx_word' id='word_1_232' title='bbox 760 2004 906 2038; x_wconf 84' lang='lat' dir='ltr'>masc.,</span> <span class='ocrx_word' id='word_1_233' title='bbox 929 2004 1078 2029; x_wconf 85' lang='lat' dir='ltr'>armor.</span> <span class='ocrx_word' id='word_1_234' title='bbox 1101 1990 1267 2039; x_wconf 61' lang='lat' dir='ltr'>lsczoecr,</span> <span class='ocrx_word' id='word_1_235' title='bbox 1289 1990 1491 2037; x_wconf 52' lang='lat' dir='ltr'>kaezozcm</span> <span class='ocrx_word' id='word_1_236' title='bbox 1512 2002 1625 2028; x_wconf 83' lang='lat' dir='ltr'>corn.</span> <span class='ocrx_word' id='word_1_237' title='bbox 1647 1985 1762 2026; x_wconf 69' lang='lat' dir='ltr'>alceir</span> 
     </span>
     <span class='ocr_line' id='line_1_27' title="bbox 214 2058 1277 2112; baseline 0.003 -15"><span class='ocrx_word' id='word_1_238' title='bbox 214 2059 289 2109; x_wconf 62' lang='lat' dir='ltr'>(gl.</span> <span class='ocrx_word' id='word_1_239' title='bbox 314 2058 505 2112; x_wconf 86' lang='lat' dir='ltr'>peplum)</span> <span class='ocrx_word' id='word_1_240' title='bbox 527 2059 685 2099; x_wconf 83' lang='lat' dir='ltr'>Vocab.</span> <span class='ocrx_word' id='word_1_241' title='bbox 711 2060 865 2099; x_wconf 83' lang='lat' dir='ltr'>cambr.</span> <span class='ocrx_word' id='word_1_242' title='bbox 891 2059 989 2099; x_wconf 89' lang='lat' dir='ltr'>hod.</span> <span class='ocrx_word' id='word_1_243' title='bbox 1016 2060 1129 2100; x_wconf 62' lang='lat' dir='ltr'>aliar</span> <span class='ocrx_word' id='word_1_244' title='bbox 1150 2075 1277 2100; x_wconf 86' lang='lat' dir='ltr'>masc.</span> 
     </span>
    </p>

    <p class='ocr_par' dir='ltr' id='par_1_6' title="bbox 328 2129 1024 2181">
     <span class='ocr_line' id='line_1_28' title="bbox 328 2129 1024 2181; baseline 0.001 -13"><span class='ocrx_word' id='word_1_245' title='bbox 328 2131 373 2181; x_wconf 77' lang='lat' dir='ltr'>d)</span> <span class='ocrx_word' id='word_1_246' title='bbox 405 2129 489 2168; x_wconf 81' lang='lat' dir='ltr'>RR</span> <span class='ocrx_word' id='word_1_247' title='bbox 510 2129 703 2170; x_wconf 86' lang='lat' dir='ltr'>derivans</span> <span class='ocrx_word' id='word_1_248' title='bbox 724 2145 811 2170; x_wconf 88' lang='lat' dir='ltr'>non</span> <span class='ocrx_word' id='word_1_249' title='bbox 832 2130 1024 2171; x_wconf 87' lang='lat' dir='ltr'>occurrit.</span> 
     </span>
    </p>
   </div>
   <div class='ocr_carea' id='block_1_3' title="bbox 614 2291 1360 2346">
    <p class='ocr_par' dir='ltr' id='par_1_7' title="bbox 614 2291 1360 2346">
     <span class='ocr_line' id='line_1_29' title="bbox 614 2291 1360 2346; baseline 0.001 -16"><span class='ocrx_word' id='word_1_250' title='bbox 614 2295 652 2330; x_wconf 93' lang='lat'>2.</span> <span class='ocrx_word' id='word_1_251' title='bbox 698 2291 985 2332; x_wconf 78' lang='lat' dir='ltr'>Derivatio</span> <span class='ocrx_word' id='word_1_252' title='bbox 1017 2292 1360 2346; x_wconf 67' lang='lat' dir='ltr'>spirantium.</span> 
     </span>
    </p>
   </div>
   <div class='ocr_carea' id='block_1_4' title="bbox 213 2412 1789 2947">
    <p class='ocr_par' dir='ltr' id='par_1_8' title="bbox 214 2412 1789 2680">
     <span class='ocr_line' id='line_1_30' title="bbox 329 2412 1789 2468; baseline -0.003 -13"><span class='ocrx_word' id='word_1_253' title='bbox 329 2418 500 2456; x_wconf 84' lang='lat' dir='ltr'>Praeter</span> <span class='ocrx_word' id='word_1_254' title='bbox 522 2415 549 2455; x_wconf 83' lang='lat' dir='ltr'>S</span> <span class='ocrx_word' id='word_1_255' title='bbox 572 2416 882 2468; x_wconf 77' lang='lat' dir='ltr'>praevalentem</span> <span class='ocrx_word' id='word_1_256' title='bbox 912 2416 956 2455; x_wconf 93' lang='lat' dir='ltr'>in</span> <span class='ocrx_word' id='word_1_257' title='bbox 986 2416 1242 2456; x_wconf 72' lang='lat' dir='ltr'>derivatione</span> <span class='ocrx_word' id='word_1_258' title='bbox 1269 2415 1378 2455; x_wconf 87' lang='lat' dir='ltr'>inter</span> <span class='ocrx_word' id='word_1_259' title='bbox 1408 2414 1613 2468; x_wconf 82' lang='lat' dir='ltr'>spirantes</span> <span class='ocrx_word' id='word_1_260' title='bbox 1636 2412 1760 2452; x_wconf 84' lang='lat' dir='ltr'>etiam</span> <span class='ocrx_word' id='word_1_261' title='bbox 1786 2436 1789 2439; x_wconf 26' lang='grc' dir='ltr'><strong>Δ</strong></span> 
     </span>
     <span class='ocr_line' id='line_1_31' title="bbox 214 2482 1760 2540; baseline -0.005 -13"><span class='ocrx_word' id='word_1_262' title='bbox 214 2488 241 2527; x_wconf 85' lang='lat' dir='ltr'><strong>J</strong></span> <span class='ocrx_word' id='word_1_263' title='bbox 264 2494 304 2527; x_wconf 89' lang='lat' dir='ltr'>et</span> <span class='ocrx_word' id='word_1_264' title='bbox 323 2486 618 2527; x_wconf 86' lang='lat' dir='ltr'>Vderivantes</span> <span class='ocrx_word' id='word_1_265' title='bbox 641 2486 686 2524; x_wconf 92' lang='lat' dir='ltr'>in</span> <span class='ocrx_word' id='word_1_266' title='bbox 706 2486 897 2540; x_wconf 86' lang='lat' dir='ltr'>pluribus</span> <span class='ocrx_word' id='word_1_267' title='bbox 920 2487 1109 2526; x_wconf 87' lang='lat' dir='ltr'>formulis</span> <span class='ocrx_word' id='word_1_268' title='bbox 1131 2487 1361 2526; x_wconf 85' lang='lat' dir='ltr'>ostendunt</span> <span class='ocrx_word' id='word_1_269' title='bbox 1376 2485 1464 2539; x_wconf 89' lang='lat' dir='ltr'>jam</span> <span class='ocrx_word' id='word_1_270' title='bbox 1487 2483 1656 2523; x_wconf 88' lang='lat' dir='ltr'>nomina</span> <span class='ocrx_word' id='word_1_271' title='bbox 1674 2482 1760 2535; x_wconf 79' lang='lat' dir='ltr'>gal-</span> 
     </span>
     <span class='ocr_line' id='line_1_32' title="bbox 215 2552 1761 2610; baseline -0.003 -14"><span class='ocrx_word' id='word_1_272' title='bbox 215 2557 296 2596; x_wconf 85' lang='lat' dir='ltr'>lica</span> <span class='ocrx_word' id='word_1_273' title='bbox 325 2556 391 2596; x_wconf 89' lang='lat' dir='ltr'>vel</span> <span class='ocrx_word' id='word_1_274' title='bbox 418 2555 654 2595; x_wconf 81' lang='lat' dir='ltr'>britannica</span> <span class='ocrx_word' id='word_1_275' title='bbox 681 2564 846 2596; x_wconf 84' lang='lat' dir='ltr'>vetusta</span> <span class='ocrx_word' id='word_1_276' title='bbox 877 2559 936 2610; x_wconf 88' lang='lat' dir='ltr'>(p.</span> <span class='ocrx_word' id='word_1_277' title='bbox 967 2561 1059 2595; x_wconf 70' lang='grc'>745.</span> <span class='ocrx_word' id='word_1_278' title='bbox 1091 2562 1203 2609; x_wconf 72' lang='lat'>746).</span> <span class='ocrx_word' id='word_1_279' title='bbox 1257 2556 1488 2607; x_wconf 73' lang='lat' dir='ltr'>Utramque</span> <span class='ocrx_word' id='word_1_280' title='bbox 1518 2554 1627 2593; x_wconf 84' lang='lat' dir='ltr'>hane</span> <span class='ocrx_word' id='word_1_281' title='bbox 1656 2552 1761 2592; x_wconf 87' lang='lat' dir='ltr'>deri-</span> 
     </span>
     <span class='ocr_line' id='line_1_33' title="bbox 216 2625 1110 2680; baseline -0.002 -14"><span class='ocrx_word' id='word_1_282' title='bbox 216 2635 387 2667; x_wconf 81' lang='lat' dir='ltr'>vantem</span> <span class='ocrx_word' id='word_1_283' title='bbox 408 2625 545 2666; x_wconf 83' lang='lat' dir='ltr'>adhuo</span> <span class='ocrx_word' id='word_1_284' title='bbox 567 2625 772 2665; x_wconf 83' lang='lat' dir='ltr'>cambrica</span> <span class='ocrx_word' id='word_1_285' title='bbox 793 2626 939 2680; x_wconf 83' lang='lat' dir='ltr'>lingua</span> <span class='ocrx_word' id='word_1_286' title='bbox 961 2634 1110 2666; x_wconf 84' lang='lat' dir='ltr'>servat.</span> 
     </span>
    </p>

    <p class='ocr_par' dir='ltr' id='par_1_9' title="bbox 213 2693 1764 2947">
     <span class='ocr_line' id='line_1_34' title="bbox 330 2693 1757 2748; baseline -0.004 -11"><span class='ocrx_word' id='word_1_287' title='bbox 330 2698 357 2737; x_wconf 87' lang='lat' dir='ltr'>J</span> <span class='ocrx_word' id='word_1_288' title='bbox 379 2696 637 2736; x_wconf 83' lang='lat' dir='ltr'>derivantem</span> <span class='ocrx_word' id='word_1_289' title='bbox 658 2695 756 2735; x_wconf 83' lang='lat' dir='ltr'>lieet</span> <span class='ocrx_word' id='word_1_290' title='bbox 777 2703 959 2736; x_wconf 81' lang='lat' dir='ltr'>statuere</span> <span class='ocrx_word' id='word_1_291' title='bbox 981 2696 1024 2735; x_wconf 91' lang='grc'>111</span> <span class='ocrx_word' id='word_1_292' title='bbox 1049 2694 1340 2735; x_wconf 83' lang='lat' dir='ltr'>terminatione</span> <span class='ocrx_word' id='word_1_293' title='bbox 1362 2694 1471 2748; x_wconf 88' lang='lat' dir='ltr'>plur.</span> <span class='ocrx_word' id='word_1_294' title='bbox 1494 2693 1617 2742; x_wconf 76' lang='lat' dir='ltr'>-ez&#39;on,</span> <span class='ocrx_word' id='word_1_295' title='bbox 1639 2707 1675 2732; x_wconf 91' lang='lat' dir='ltr'>e.</span> <span class='ocrx_word' id='word_1_296' title='bbox 1696 2707 1757 2745; x_wconf 82' lang='lat' dir='ltr'>gr.</span> 
     </span>
     <span class='ocr_line' id='line_1_35' title="bbox 216 2763 1762 2821; baseline -0.004 -14"><span class='ocrx_word' id='word_1_297' title='bbox 216 2768 260 2807; x_wconf 89' lang='lat' dir='ltr'>in</span> <span class='ocrx_word' id='word_1_298' title='bbox 279 2766 500 2821; x_wconf 70' lang='lat' dir='ltr'>ywesteion</span> <span class='ocrx_word' id='word_1_299' title='bbox 523 2766 745 2820; x_wconf 78' lang='lat' dir='ltr'>(hospites)</span> <span class='ocrx_word' id='word_1_300' title='bbox 769 2767 884 2806; x_wconf 86' lang='lat' dir='ltr'>Mab.</span> <span class='ocrx_word' id='word_1_301' title='bbox 915 2771 951 2815; x_wconf 85' lang='lat'>1,</span> <span class='ocrx_word' id='word_1_302' title='bbox 980 2770 1074 2815; x_wconf 90' lang='grc'>271,</span> <span class='ocrx_word' id='word_1_303' title='bbox 1102 2766 1213 2818; x_wconf 89' lang='lat' dir='ltr'>quod</span> <span class='ocrx_word' id='word_1_304' title='bbox 1242 2772 1385 2804; x_wconf 83' lang='lat' dir='ltr'>nostra</span> <span class='ocrx_word' id='word_1_305' title='bbox 1407 2763 1632 2816; x_wconf 83' lang='lat' dir='ltr'>scriptione</span> <span class='ocrx_word' id='word_1_306' title='bbox 1654 2769 1762 2802; x_wconf 81' lang='lat' dir='ltr'>esset</span> 
     </span>
     <span class='ocr_line' id='line_1_36' title="bbox 213 2833 1763 2891; baseline -0.003 -14"><span class='ocrx_word' id='word_1_307' title='bbox 213 2838 451 2891; x_wconf 64' lang='lat' dir='ltr'>ywestcfjon,</span> <span class='ocrx_word' id='word_1_308' title='bbox 478 2851 499 2876; x_wconf 89' lang='lat' dir='ltr'>e</span> <span class='ocrx_word' id='word_1_309' title='bbox 526 2836 708 2890; x_wconf 67' lang='lat' dir='ltr'>ycoestei,</span> <span class='ocrx_word' id='word_1_310' title='bbox 734 2837 798 2877; x_wconf 89' lang='lat' dir='ltr'>vel</span> <span class='ocrx_word' id='word_1_311' title='bbox 830 2845 878 2876; x_wconf 88' lang='lat' dir='ltr'>ut</span> <span class='ocrx_word' id='word_1_312' title='bbox 905 2836 1028 2876; x_wconf 88' lang='lat' dir='ltr'>hodie</span> <span class='ocrx_word' id='word_1_313' title='bbox 1056 2837 1244 2876; x_wconf 85' lang='lat' dir='ltr'>scribunt</span> <span class='ocrx_word' id='word_1_314' title='bbox 1271 2834 1459 2888; x_wconf 71' lang='lat' dir='ltr'>ywestczi.</span> <span class='ocrx_word' id='word_1_315' title='bbox 1505 2834 1615 2874; x_wconf 85' lang='lat' dir='ltr'>Sunt</span> <span class='ocrx_word' id='word_1_316' title='bbox 1636 2833 1763 2885; x_wconf 87' lang='lat' dir='ltr'>hujus</span> 
     </span>
     <span class='ocr_line' id='line_1_37' title="bbox 218 2903 1764 2947; baseline -0.004 0"><span class='ocrx_word' id='word_1_317' title='bbox 218 2906 487 2947; x_wconf 85' lang='lat' dir='ltr'>derivationis</span> <span class='ocrx_word' id='word_1_318' title='bbox 523 2906 696 2947; x_wconf 83' lang='lat' dir='ltr'>nomina</span> <span class='ocrx_word' id='word_1_319' title='bbox 724 2906 909 2947; x_wconf 88' lang='lat' dir='ltr'>virorum</span> <span class='ocrx_word' id='word_1_320' title='bbox 939 2913 1103 2947; x_wconf 86' lang='lat' dir='ltr'>vetusta</span> <span class='ocrx_word' id='word_1_321' title='bbox 1133 2905 1339 2946; x_wconf 81' lang='lat' dir='ltr'>cambrica</span> <span class='ocrx_word' id='word_1_322' title='bbox 1370 2904 1414 2944; x_wconf 89' lang='lat' dir='ltr'>in</span> <span class='ocrx_word' id='word_1_323' title='bbox 1445 2904 1503 2944; x_wconf 76' lang='lat' dir='ltr'>-ez‘</span> <span class='ocrx_word' id='word_1_324' title='bbox 1530 2903 1764 2944; x_wconf 83' lang='lat' dir='ltr'>desinentia</span> 
     </span>
    </p>
   </div>
  </div>
 </body>
</html>
