1920 3220
398 180 474 219 Vr.
504 182 541 218 ’2.
587 192 878 219 (τηετιιῑτθτῐτ)
902 192 1082 218 ΡΟιςίῚσΛ
1109 192 1367 218 ιιῐιηῠῐικιω.
1574 179 1655 218 913

272 372 314 417 Ι.
389 370 807 417 Constructio
845 370 1099 430 poetica
1135 370 1483 416 hibernica.

219 505 414 544 Formam
452 503 716 544 assonantiac
755 503 895 542 finalis
933 517 1028 542 cum
1060 503 1205 543 eadem
1236 504 1369 543 vocali
1401 511 1442 544 et
1472 518 1655 546 consona

105 574 361 628 primitivam
391 574 724 627 monosyllabum
756 573 1021 627 relinquendi
1051 581 1092 614 et
1124 574 1457 626 transgrediendi
1479 575 1522 615 in
1545 591 1655 617 asso-

104 645 294 685 nantiam
324 644 586 698 bisyllabam,
613 645 826 684 interdum
857 644 983 684 etiam
1006 644 1133 684 trium
1157 644 1426 697 syllabarum,
1453 645 1658 687 hibernici

103 718 250 768 poetae.
281 716 325 755 in
355 730 429 755 sua
460 715 621 767 lingua,
649 722 693 754 ut
717 714 835 754 latini
859 715 1072 754 imitantes
1096 729 1186 754 eam
1210 715 1399 763 formam,
1424 716 1653 769 cognitam,

105 793 151 825 ut
188 785 390 838 conjicere
420 785 538 833 lieet,
568 785 657 838 jam
688 785 863 825 vetustis
895 785 1054 832 Gallis,
1088 785 1132 824 in
1163 785 1297 825 latina
1326 785 1487 838 lingua,
1523 788 1656 841 magis

105 855 168 895 usi
201 862 300 894 sunt
329 855 557 903 occasione,
584 870 709 908 quam
742 855 951 903 cambi-ici,
979 855 1049 908 qui
1080 855 1195 895 illam
1225 855 1483 909 primitivam
1513 872 1657 897 mono-

104 925 307 978 syllabam
335 932 554 965 servarunt
584 933 622 964 et
655 940 744 965 raro
774 925 1021 979 hisyllabam
1052 926 1396 966 terminationum
1417 928 1658 980 grammati—

103 995 272 1043 calium,
299 1010 334 1034 e.
360 1010 422 1048 gr.
449 995 548 1043 -e'en,
575 995 676 1043 -2'012,
703 997 946 1035 ostendunt.
982 998 1168 1050 Apparet
1190 996 1394 1050 bisyllaba
1417 998 1659 1038 assonantia

103 1065 317 1105 hibernica
347 1065 390 1104 in
424 1065 599 1105 vetustis
629 1065 848 1105 sententiis
878 1066 1119 1115 hibernicis,
1147 1082 1251 1119 quae
1274 1067 1470 1107 videntur
1491 1082 1657 1121 prover—

102 1136 185 1184 bia,
212 1151 247 1175 e.
273 1151 334 1189 gr.
361 1136 405 1175 in
436 1137 533 1175 Wb.
566 1139 650 1175 16³:
688 1136 854 1189 isqndflz
886 1137 936 1176 (lo
967 1136 1116 1177 eobv'r
1148 1137 1248 1177 caele,
1279 1137 1420 1177 lobz'r
1452 1137 1657 1192 ifoolcz'dib

103 1208 179 1261 (gl.
207 1207 279 1260 qui
310 1206 550 1246 consolatur
580 1206 761 1245 humiles
792 1207 918 1255 deus;
951 1207 979 1246 i.
1006 1222 1041 1246 e.
1067 1222 1155 1246 mos
1184 1207 1222 1247 ei
1244 1207 1326 1256 hic,
1352 1208 1523 1261 adjuvat
1544 1209 1657 1249 (lebi—

101 1278 185 1318 lem
216 1276 404 1330 quemvis
444 1276 488 1315 in
519 1276 897 1329 tribulationibus).
943 1277 1081 1317 Facile
1114 1284 1199 1317 tam
1229 1277 1340 1318 hanc
1372 1279 1657 1320 assonantiam

102 1348 426 1402 suppeditarunt
457 1346 660 1386 vocabula
693 1347 924 1401 composita
954 1361 1051 1387 cum
1078 1362 1161 1396 sest,
1189 1348 1278 1397 dw,
1304 1363 1357 1398 3-,
1385 1350 1429 1389 d-
1459 1349 1538 1389 sibi
1561 1364 1657 1390 con-

101 1420 241 1468 traria,
274 1425 322 1457 ut
351 1432 516 1466 somme,
553 1418 712 1458 domme
742 1417 890 1469 (dives,
926 1417 1082 1471 inops),
1116 1418 1238 1467 so'v're,
1272 1419 1387 1459 clo'ire
1409 1420 1555 1471 (salus,
1581 1420 1657 1460 mi-

100 1490 240 1541 seria),
262 1503 388 1542 quam
405 1487 531 1528 etiam
550 1487 808 1542 trisyllabam
825 1489 1131 1529 assonantiam:
1153 1489 1423 1530 sochumaclat
1436 1505 1487 1530 no
1505 1491 1657 1531 dochu-

100 1560 253 1609 madet,
279 1558 418 1612 suale‘q
441 1558 602 1612 dualz'y,
629 1558 856 1599 so'inmiclae
877 1559 1124 1608 do'e'nme'clce,
1152 1559 1198 1600 (li
1217 1559 1469 1601 sdinmeelcib
1496 1567 1514 1601 7
1541 1561 1656 1602 do'v'n-

101 1630 258 1671 mechib
282 1632 341 1683 (p.
371 1632 485 1681 832).

213 1699 440 1740 Recentior
461 1698 596 1753 poesis
619 1699 834 1740 hibernica
856 1699 1180 1741 constructionis
1203 1716 1401 1743 versuum
1421 1718 1517 1744 cum
1535 1704 1656 1745 certis

100 1771 354 1825 syllabarum
375 1769 561 1810 numeris
585 1770 629 1809 in
652 1770 906 1811 carminibus
924 1771 1046 1823 plura
1062 1786 1215 1824 genera
1233 1774 1365 1823 offert,
1387 1775 1564 1828 propriis
1583 1790 1656 1815 no-

99 1841 285 1881 minibus
314 1840 526 1880 distineta.
571 1840 723 1880 Differt
744 1855 790 1880 ea
812 1840 947 1893 poesis
970 1855 994 1880 a
1015 1841 1133 1894 poesi
1154 1857 1240 1882 non
1264 1843 1400 1883 solum
1422 1852 1656 1885 ceterorum

97 1912 351 1966 populorum
387 1910 628 1950 recentioris
662 1911 855 1963 Europae
895 1911 966 1950 sed
998 1910 1124 1951 etiam
1153 1912 1347 1953 affinium
1379 1915 1656 1956 Cambrorum

98 1996 159 2030 eo,
182 1982 293 2034 quod
314 1982 413 2020 dum
436 1981 574 2021 finalis
598 1981 838 2021 assonantia
860 1982 1029 2021 demum
1052 1982 1139 2021 sola
1161 1983 1403 2024 dominatur
1424 1986 1536 2038 apud
1559 1986 1651 2035 hos,

97 2051 301 2091 hibernici
332 2054 479 2105 poetae
508 2051 641 2105 magis
670 2051 876 2091 initialem
903 2052 1139 2102 coluerunt,
1165 2053 1306 2094 minus
1328 2055 1514 2095 finalem.
1558 2058 1653 2097 Hu-

91 2122 161 2176 jus
194 2123 282 2162 loco
311 2121 490 2161 imitatio
523 2122 728 2175 quaedam
759 2122 1039 2172 assonantiae,
1067 2138 1193 2176 quam
1225 2125 1276 2163 ob
1299 2125 1578 2167 differentiam
1600 2128 1652 2167 ab

96 2191 338 2232 assonantia
369 2191 556 2245 ejusdem
589 2191 743 2232 vocalis
775 2191 1046 2245 ejusdemque
1077 2208 1284 2234 consonae
1318 2196 1476 2249 plena
1514 2197 1651 2237 dicam

96 2263 292 2316 deinceps
324 2262 627 2311 dimidiam,
662 2262 855 2310 invaluit,
883 2276 1009 2314 quam
1041 2263 1189 2304 dicunt
1220 2267 1647 2319 correspondentiam.

96 2335 215 2373 Haec
239 2333 425 2385 ejusdem
448 2332 601 2372 vocalis
624 2332 752 2372 solius
774 2333 1061 2373 assonantiam
1084 2335 1234 2387 poscit,
1256 2350 1536 2377 consonarum
1559 2345 1649 2378 tan—

96 2411 186 2443 tum
209 2403 395 2456 ejusdem
413 2402 555 2443 classis
574 2402 908 2456 congruentiam,
930 2417 965 2442 e.
990 2418 1053 2457 gr.
1074 2405 1324 2456 mediarum,
1347 2407 1555 2457 tenuium,
1577 2418 1649 2449 aut

96 2474 266 2514 omnino
287 2473 450 2513 nullam
469 2472 855 2527 (correspondentia
876 2473 1058 2526 perfecta
1080 2482 1122 2515 et
1142 2475 1386 2529 imperfecta
1406 2478 1472 2518 vel
1490 2479 1645 2528 fracta3

95 2544 145 2583 cf.
182 2542 401 2583 O'Donov.
444 2544 633 2583 (J'ramm.
667 2558 708 2597 p.
737 2548 833 2583 415.
867 2546 982 2597 416).
1048 2546 1305 2587 Assonantia
1343 2547 1445 2588 haec
1476 2549 1649 2590 dimidia

93 2613 316 2666 singularis
345 2621 407 2654 est
437 2622 476 2654 et
498 2614 665 2668 propria
685 2614 866 2668 poetices
889 2614 1143 2664 hibernicae,
1169 2617 1343 2670 antiqua
1366 2626 1521 2667 tamen,
1540 2619 1648 2673 jam-

94 2698 173 2737 que
211 2683 371 2723 obtinet
408 2684 453 2724 in
488 2685 666 2725 vetustis
705 2684 961 2725 carminibus
986 2685 1112 2739 juxta
1146 2688 1431 2728 assonantiam
1459 2690 1643 2743 plenam.

93 2753 314 2794 Contraria
343 2753 442 2793 huie
473 2762 536 2794 est
567 2755 822 2804 assonantia,
848 2770 975 2808 quam
1003 2756 1296 2809 primigeniam
1320 2759 1489 2799 finalem
1512 2761 1647 2814 suspi-

93 2825 174 2864 cati
197 2838 358 2872 sumus,
385 2839 480 2864 cum
503 2826 647 2864 eadem
670 2839 852 2865 consona
874 2832 1041 2865 tantum
1065 2828 1125 2878 (p.
1154 2831 1269 2879 911).

206 2895 348 2934 Prima
378 2894 573 2934 carminis
596 2895 868 2936 construendi
890 2896 1063 2936 materia
1086 2897 1197 2949 apud
1221 2897 1435 2938 Hibernos
1459 2908 1647 2942 vetustos

161 2969 243 2994 vox„
268 2962 315 2994 II.
1315 2971 1364 3005 ὃὸ
