1920 3220
249 167 331 206 928
534 167 612 206 VI.
642 170 679 206 2.
724 180 1017 207 CONSTRUCTIO
1040 181 1220 208 POETICA
1244 182 1504 208 nlssnssmm.

362 279 413 317 In
450 286 682 331 postremae
717 279 928 332 prooemio
963 279 1200 320 incantator
1234 280 1279 320 in
1314 280 1436 334 plura
1470 279 1580 320 mala
1616 278 1792 328 invehit,

248 362 426 401 quorum
447 348 619 388 nomina
640 349 731 402 ipsa
751 364 837 389 non
860 349 949 389 sine
971 350 1211 390 assonantia
1232 365 1320 390 esse
1342 350 1559 390 videntur:
1586 363 1636 388 ar
1655 349 1797 402 dz'riny

249 418 312 469 (in
342 417 560 471 phthisin?
591 419 643 458 cf.
668 419 776 472 gael.
802 420 1034 474 reanqadlt,
1067 435 1333 469 marcescere,
1364 419 1638 459 macilentum
1668 418 1793 471 fieri),

248 502 298 527 ar
321 487 564 542 yotlzsrr'nfs,
592 503 642 529 ar
669 489 673 543 Ι
702 495 764 530 alt
792 489 987 538 dlelzinn,
1023 505 1074 530 (ιν
1101 490 1104 545 Ι
1120 490 1259 544 fccz'lz‘b
1287 489 1455 538 Ιιίαίνη,
1481 504 1531 529 αν
1559 488 1561 543 Ι
1590 489 1638 529 ul
1664 488 1796 528 Zoscas

249 563 351 605 tene,
378 571 428 596 ar
456 556 459 612 Ι
487 557 539 597 ub
564 557 699 598 hz'thes
722 561 784 607 σά,
810 559 929 612 cujus
950 567 1160 613 postrema
1181 574 1261 599 vox
1283 561 1332 599 σά
1353 559 1532 612 amplius
1556 558 1797 599 assonantia

247 627 364 666 finali
381 626 532 680 juncta
554 635 616 668 est
637 629 828 681 sequenti
851 644 924 682 rol)
942 630 1099 670 (ισῑιόνά
1118 629 1190 682 (sit
1208 644 1365 678 eorum,
1386 629 1606 678 malorum,
1628 629 1795 682 conglo-
1847 655 1849 657 -

247 697 421 737 meratio
444 712 550 750 quae
573 704 670 746 etc„
692 698 743 737 ob
765 699 941 738 formam
957 699 1175 739 relativam
1192 698 1404 752 sequentis
1423 699 1590 746 crz'72a3,·
1615 698 1649 738 si
1667 699 1795 738 cubrzi

247 774 310 807 est
339 781 413 821 pro
447 768 584 816 coln-22,
618 782 799 821 compos.
827 783 923 808 cum
953 769 1042 817 brai,
1069 777 1227 818 venter,
1253 769 1452 822 glomus).
1499 769 1624 812 Quod
1653 776 1796 809 autem

246 844 341 890 post
358 837 688 877 incantationem
706 844 837 878 totam
853 838 1005 878 minori
1023 838 1242 892 scriptura,
1264 838 1452 892 ejusdem
1470 846 1611 879 tamen
1627 838 1791 888 aetatis,

246 906 429 955 additur,
453 906 612 946 indicat
635 907 875 960 proximum
902 909 1134 949 remedium
1162 923 1236 961 pro
1266 909 1438 949 vulnere
1459 909 1667 949 labiorum
1688 910 1796 961 (ata-

245 990 409 1016 nessam
441 976 629 1016 dolatum
660 976 852 1025 abanan),-
886 993 985 1018 mox
1014 979 1097 1028 lect,
1132 979 1296 1019 hibern.
1331 978 1429 1019 hod.
1461 979 1569 1032 gael.
1597 980 1672 1028 lot,
1704 979 1795 1019 vul-

245 1047 360 1097 nus).
405 1045 505 1085 Non
537 1053 678 1086 tamen
709 1047 778 1087 hic
808 1048 1068 1101 prooemium
1100 1056 1186 1089 tam
1209 1049 1351 1089 stricto
1372 1050 1495 1089 modo
1517 1050 1796 1102 separandum

244 1122 321 1164 est,
348 1122 396 1155 ut
417 1115 461 1154 in
478 1123 575 1156 ante
593 1116 704 1157 dicta
721 1117 1021 1167 incantatione,
1042 1120 1093 1159 ob
1110 1119 1288 1172 primam
1305 1133 1525 1172 personam
1542 1119 1665 1173 primi
1682 1118 1797 1159 verbi

246 1191 429 1233 tessm·0,·
459 1186 596 1240 pergit
626 1187 740 1227 enim
769 1187 965 1241 deinceps
995 1188 1233 1229 incantator
1252 1189 1297 1229 in
1318 1189 1452 1243 prima
1473 1189 1599 1229 etiam
1619 1203 1797 1243 persona

245 1255 436 1308 loquens,
464 1263 510 1296 ut
541 1256 713 1310 incepit,
738 1272 811 1311 per
842 1259 1060 1312 sequentia
1082 1259 1250 1312 (henim,
1280 1259 1542 1312 admm‘nm').
1587 1259 1664 1300 Est
1695 1258 1795 1299 satis

245 1332 388 1379 aperta
410 1325 455 1365 in
476 1326 748 1379 sequentibus
771 1329 1035 1369 assonantia:

358 1435 425 1469 rop
462 1419 627 1474 aleubrzi
660 1419 664 1472 Ι
688 1423 811 1459 crinas
836 1420 841 1476 Ι
866 1430 965 1460 teor-cz
988 1422 992 1476 Ι
1017 1438 1102 1460 cnoe
1125 1421 1137 1477 ΙΙ
1163 1423 1167 1474 Ι
1192 1430 1285 1461 crete
1308 1422 1312 1477 Ι
1339 1431 1437 1462 teora
1461 1424 1465 1477 Ι
1478 1425 1590 1475 fe'tlaz'
1612 1422 1615 1477 Ι
1628 1425 1749 1473 fielcte
1773 1425 1788 1473 ff

247 1488 366 1524 bem'm
396 1490 531 1536 (tqalar
561 1503 606 1525 αν
632 1490 764 1539 {fizcclc
794 1488 920 1543 lfm'li
941 1488 953 1543 ΙΙ
973 1493 1057 1541 quil
1075 1493 1161 1542 fuil
1183 1492 1225 1528 m'
1251 1489 1255 1543 Ι
1282 1493 1410 1529 rubatt
1436 1490 1440 1546 Ι
1467 1497 1526 1530 ree
1549 1489 1560 1545 ΙΙ
1584 1507 1651 1541 rop
1679 1489 1682 1544 Ι
1710 1493 1794 1528 3Ζάη

233 1552 409 1606 ιχόνΙεαίε
432 1551 444 1607 ΙΙ
468 1557 519 1592 ad
530 1554 534 1608 Ι
548 1558 702 1594 muium·
723 1558 762 1595 in
790 1559 794 1608 Ι
821 1559 1157 1609 slcc'm'cz'clforaeab
1180 1561 1373 1597 dianeeelzt
1404 1560 1626 1610 ΖίαΙφηῑιηίὶν
1649 1556 1661 1612 ΙΙ
1685 1574 1794 1608 corop

244 1628 248 1673 Ι
273 1623 357 1659 sla'n
379 1623 643 1674 cmz'sorfsate.

361 1725 472 1764 Sunt
502 1724 604 1764 haec
634 1740 730 1766 cum
761 1728 1002 1768 assonantia
1033 1728 1202 1782 quidem
1234 1743 1485 1782 quacunque
1512 1729 1688 1783 prolata,
1723 1730 1795 1768 sed

246 1794 335 1834 sine
365 1802 497 1834 metro
529 1795 606 1845 (ita
627 1804 722 1837 utar
753 1797 830 1837 hac
859 1813 959 1838 voce
988 1799 1186 1852 deinceps
1218 1798 1379 1851 etiam),
1405 1798 1447 1838 id
1469 1806 1545 1848 est,
1572 1799 1661 1839 sine
1683 1806 1795 1838 certa

245 1865 556 1905 constructione
578 1881 720 1906 versus
744 1868 809 1907 vel
831 1868 1041 1908 carminis.

359 1936 485 1974 Hanc
518 1943 658 1976 tamen
689 1937 1044 1978 constructionem
1075 1938 1118 1977 in
1150 1937 1296 1991 lingua
1326 1938 1551 1978 vernacula
1582 1937 1794 1990 cognitam

245 2004 450 2045 Hibernis
482 2005 658 2046 vetustis
682 2005 771 2060 jam
792 2007 912 2047 facile
934 2008 1207 2060 comprobant
1229 2022 1276 2048 ea
1298 2022 1403 2061 quae
1425 2009 1575 2047 addam
1596 2007 1664 2047 hic
1686 2022 1707 2047 e
1728 2022 1792 2047 ρο-

245 2076 336 2115 dice
354 2075 560 2116 Prisciani
583 2076 863 2130 Sangallensi,
884 2076 1037 2131 scripta
1059 2077 1105 2117 in
1126 2077 1249 2117 variis
1271 2078 1372 2117 locis
1394 2078 1438 2117 in
1460 2077 1649 2130 margine
1665 2076 1793 2130 majo—

243 2145 358 2185 ribus
381 2145 512 2186 literis
536 2161 662 2199 quam
684 2154 784 2187 sunt
800 2146 944 2187 literae
959 2147 1207 2201 glossarum,
1229 2147 1419 2201 quamvis
1436 2162 1521 2187 non
1540 2147 1625 2188 sint
1641 2147 1795 2201 scripta

244 2216 289 2255 in
311 2215 433 2256 solita
453 2230 650 2256 versuum
672 2217 958 2258 collocatione.

359 2287 412 2326 In
430 2286 640 2340 superiore
657 2287 845 2340 margine
862 2288 1039 2341 paginae
1062 2293 1075 2326 1
1090 2292 1136 2326 12
1156 2288 1238 2327 late
1255 2302 1329 2341 per
1346 2302 1437 2327 eam
1454 2288 1654 2342 leguntur
1667 2288 1789 2328 haec:

246 2356 436 2396 ISaclzer
467 2356 629 2410 inyciz'tla
652 2357 1054 2412 innochtfiffuasna
1065 2358 1260 2411 fae'rcce*
1281 2352 1461 2413 so'ncZs‘olt
1480 2359 1528 2398 m‘
1547 2360 1649 2412 ἄρον
1670 2358 1792 2398 rein-z-

245 2440 363 2466 mora
384 2425 498 2466 mimz
525 2427 977 2468 clomllaeehraidlm'nn
1000 2428 1137 2468 oalotla
1162 2428 1266 2468 lind.

359 2497 412 2536 In
434 2496 628 2537 inferiore
649 2497 837 2551 margine
858 2513 900 2551 p.
924 2501 1002 2536 203
1025 2513 1099 2551 per
1114 2497 1313 2551 paginam
1329 2512 1496 2538 omnem
1513 2498 1635 2538 item:
1661 2500 1792 2538 Dom-

232 2566 604 2622 farcav’fidbccv'cloe
618 2568 925 2621 feblswnohain
946 2568 1033 2608 lo'icl
1051 2568 1139 2608 lain
1158 2568 1262 2608 Mad
1275 2569 1364 2608 mccl
1378 2568 1441 2608 oe'l
1453 2568 1560 2608 leuas
1572 2583 1636 2608 mo
1649 2569 1792 2608 Zebrdn

335 2769 350 2784 *
376 2768 418 2801 In
443 2768 536 2801 linea
561 2768 732 2813 scriptum
756 2774 810 2802 est
823 2769 967 2812 fae't·e(e‚
990 2769 1051 2802 sed
1077 2781 1093 2802 c
1111 2781 1190 2802 cum
1218 2775 1351 2813 puncto
1377 2770 1468 2803 infra
1485 2770 1616 2815 scripto
1635 2774 1669 2803 et
1686 2780 1792 2814 supra

246 2823 385 2868 scriptis
411 2837 457 2868 99
479 2825 536 2870 (cf.
558 2837 592 2869 p.
616 2827 668 2865 71,
690 2825 797 2870 not.).
834 2826 876 2858 In
902 2826 1015 2858 oaloz‘se
1043 2837 1149 2870 supra
1176 2826 1325 2870 primam
1351 2839 1370 2858 0
1396 2826 1527 2860 lineola
1548 2825 1791 2860 semirotunda

245 2880 472 2924 conspicitur,
495 2893 562 2925 qua
581 2887 668 2926 puto
687 2881 877 2915 indicatam
897 2893 971 2915 esse
989 2894 1018 2921 ο,
1040 2894 1081 2915 oa
1099 2883 1397 2927 praepositionem
1417 2888 1658 2917 transeuntem
1677 2883 1712 2916 in
1732 2894 1787 2915 zm.
