1920 3220
1608 169 1629 207 lv

1637 172 1659 207 cx

395 172 472 210 VI.
501 174 538 209 2.
586 184 879 210 coxs'ruuc'rio
904 184 1083 210 romum
1112 184 1369 210 mmmmm.
1577 170 1615 207 9*

303 286 410 331 Vale,
444 284 448 336 1
476 287 604 327 frater,
638 283 641 317 ἱ
670 285 890 321 florentibus
914 282 926 337 J]
945 286 1164 333 juventutis
1187 298 1273 322 cum
1296 284 1449 327 viribus,

252 356 301 389 [ft
330 350 331 391 l
362 354 496 389 floreas
520 366 605 389 cum
628 354 780 389 domino
805 349 817 403 Η
841 353 880 388 in
909 366 911 404 1
941 353 1174 400 sempiterno
1202 352 1207 401 Ι
1236 353 1342 390 solio.

245 424 330 461 Qua
352 427 536 467 martyres
559 421 597 455 in
625 420 630 468 Ι
658 433 772 456 cuneo
796 417 808 472 Η
832 433 960 467 regem
989 427 991 469 ᾗ
1021 426 1158 456 canent
1180 422 1366 463 aethereo,

246 489 459 537 Prophetae
482 487 702 536 apostolicis
726 484 737 539 Η
789 490 790 508 ¹
820 488 1087 524 consonabunt
1108 492 1144 523 et
1166 488 1355 524 laudibus.

216 585 399 625 Nonnisi
429 585 635 639 bisyllaba
666 586 907 626 assonantia
937 586 1077 625 finalis
1101 593 1141 625 et
1164 585 1424 638 frequentius
1447 587 1656 640 monosyl—

102 657 196 697 laba
224 656 380 709 legitur
411 656 493 705 hic,
521 671 626 710 quae
657 671 741 696 una
773 671 868 696 cum
897 656 1051 696 initiali
1074 670 1166 696 eam
1188 655 1545 696 constructionem
1567 672 1655 696 ora-

103 727 228 766 tionis
251 727 404 779 ligatae
427 727 550 775 sistit,
578 741 683 779 quae
706 726 749 765 in
773 726 949 766 vetustis
972 725 1226 766 carminibus
1250 725 1462 765 hibernice
1485 734 1524 765 et
1547 741 1655 766 cam-

102 798 211 837 brice
235 797 398 850 scriptis
420 796 615 850 primitus
639 797 800 836 obtinet
823 805 862 837 ct
885 796 1177 837 communiter.

214 868 339 906 Hanc
369 867 543 906 formam
573 867 773 906 orationis
805 867 989 920 po'e'ticae
1021 867 1113 920 quis
1146 867 1285 906 credat
1308 881 1396 906 csse
1418 874 1551 907 ortam
1574 868 1655 921 pri-

100 952 217 977 mum
235 938 346 990 apud
364 940 507 990 poetas
525 936 776 977 christianos
794 937 981 977 finientis
999 936 1163 991 imperii
1180 936 1365 976 Romani
1382 944 1422 976 et
1441 938 1656 978 transiisse

100 1009 152 1048 ad
182 1009 340 1047 Bardos
372 1008 648 1047 Cambrorum
689 1016 729 1047 et
769 1008 813 1048 in
846 1008 1031 1048 carmina
1058 1007 1233 1061 gentilia
1265 1007 1654 1048 Scandinavorum?

100 1077 357 1118 Assonantia
386 1077 561 1117 initialis
594 1085 734 1117 autem
764 1078 798 1118 si
820 1078 988 1131 propria
1008 1078 1185 1117 (licenda
1207 1085 1269 1116 est
1291 1077 1445 1117 formae
1467 1079 1654 1131 poeticae

100 1150 409 1189 Germanorum
425 1147 514 1200 jam
536 1148 711 1188 vetustis
735 1148 1005 1202 temporibus,
1022 1147 1111 1201 jam
1134 1155 1225 1186 tum
1246 1161 1343 1186 cum
1355 1143 1655 1188 “celebrabant

98 1219 353 1259 carminibus
376 1218 577 1271 antiquis,
598 1219 708 1271 quod
730 1234 865 1258 unum
887 1219 1000 1272 apud
1022 1217 1115 1257 illos
1134 1217 1357 1257 memoriae
1375 1224 1416 1257 et
1434 1218 1654 1258 annalium

97 1303 232 1341 genus
255 1283 386 1337 e1·at,”
407 1288 545 1341 gentis
569 1303 668 1328 suae
689 1288 939 1337 conditores,
961 1287 1203 1328 assonantia
1224 1287 1431 1341 incipiens
1454 1303 1539 1328 una
1557 1303 1653 1329 cum

98 1358 217 1398 finali
246 1373 322 1398 nee
353 1373 439 1398 non
475 1358 725 1398 intermedia
754 1359 943 1413 putanda
974 1366 1037 1398 est
1065 1357 1236 1397 celticae
1268 1357 1468 1398 orationis
1498 1358 1653 1412 ligatae

98 1429 229 1469 forma
258 1429 395 1482 prisca
425 1430 539 1469 culta
564 1429 654 1482 jam
685 1443 709 1468 a
738 1429 886 1469 Bartlis
920 1435 961 1469 et
983 1428 1173 1468 Druidis.
1218 1429 1346 1481 Apud
1368 1428 1581 1469 Hibernos
1612 1436 1654 1469 et

99 1500 300 1539 Cambros
329 1503 472 1553 poetas
499 1499 675 1553 junctus
707 1499 913 1553 reperitur
942 1498 1222 1539 communiter
1253 1499 1433 1539 strictior
1455 1513 1652 1540 versuum

99 1569 281 1610 ambitus
322 1578 361 1609 et
402 1579 538 1610 certus
567 1569 822 1623 syllabarum
853 1584 1055 1609 numerus
1086 1584 1161 1608 nee
1191 1583 1278 1609 non
1310 1576 1423 1608 certa
1454 1584 1652 1609 versuum

99 1640 330 1688 collocatio,
356 1641 457 1679 dum
488 1639 609 1679 latini
639 1643 785 1692 poetae
817 1639 1031 1679 imitantes
1059 1639 1223 1692 saepius
1245 1638 1378 1678 latina
1399 1646 1532 1679 metra
1554 1654 1651 1694 sup—

98 1718 354 1763 posuerunt3
382 1709 474 1762 quis
497 1709 702 1762 ejusmodi
723 1710 874 1750 formas
897 1709 1024 1749 etiam
1047 1709 1183 1749 Gallis
1206 1709 1373 1763 cognita
1395 1710 1585 1763 negarit?

213 1780 368 1833 Populi
399 1779 554 1819 residui
584 1779 805 1833 utriusque
837 1779 974 1819 celtici
1003 1780 1195 1833 exempla
1224 1787 1390 1820 vetusta
1421 1780 1586 1834 poetica
1606 1780 1651 1819 in

97 1864 173 1890 sua
194 1849 359 1904 propria
381 1849 541 1903 lingua,
569 1849 761 1890 sistentia
782 1850 1068 1890 assonantiam
1092 1858 1176 1890 tam
1198 1850 1420 1898 initialem,
1441 1865 1568 1903 quam
1590 1850 1651 1890 di-

98 1927 200 1959 cunt
229 1919 567 1968 allitcrationem,
594 1934 719 1972 quam
741 1921 926 1969 finalem,
953 1935 1079 1974 quam
1101 1920 1248 1961 dicunt
1270 1919 1441 1969 rimum,
1466 1935 1542 1960 nee
1564 1935 1650 1961 non

97 1989 322 2040 internam,
349 1997 574 2044 supersunt
596 1990 828 2030 lustranda.

490 2210 527 2245 2.
573 2207 912 2247 Assonantia
954 2206 1253 2247 hibernica.

211 2344 491 2383 Monumenta
522 2344 675 2383 formae
705 2344 891 2397 poeticae
922 2359 1027 2397 quae
1050 2352 1217 2384 exstant
1239 2344 1452 2384 hibernica
1470 2344 1559 2398 jam
1581 2360 1647 2384 ve-

99 2413 329 2453 tustissima
351 2414 635 2454 assonantiam
657 2429 953 2468 quamcunque
975 2430 1073 2468 pra(¹
1097 2430 1138 2454 se
1161 2415 1316 2454 ferunt.

210 2485 484 2523 Venorandae
517 2484 631 2524 haud
660 2486 785 2524 dubie
808 2485 1028 2525 vetustatis
1053 2495 1151 2524 sunt
1173 2486 1376 2525 formulae
1398 2485 1648 2525 incantatio-

97 2569 201 2593 num
234 2562 418 2594 servatae
449 2554 494 2593 in
522 2569 607 2593 uno
637 2554 736 2594 folio
765 2555 885 2594 facile
918 2556 1073 2595 saeculi
1096 2556 1232 2596 octavi
1254 2556 1386 2609 (quod
1408 2555 1649 2595 continetur

98 2623 221 2663 hodie
243 2624 285 2663 in
308 2624 447 2664 codice
470 2625 737 2677 Sangallensi
758 2640 800 2664 11.
829 2629 969 2677 1395).
985 2625 1005 2646 ³⁶
1037 2627 1138 2665 Tres
1162 2634 1261 2666 sunt
1283 2624 1535 2672 hibernicae,
1557 2624 1647 2678 qui-

191 2779 204 2791 *
232 2777 272 2809 ln
299 2784 400 2822 tergo
419 2778 506 2819 solii,
528 2779 564 2812 in
583 2780 683 2824 cujus
701 2781 817 2814 fronte
835 2780 1052 2825 conspicitur
1070 2780 1187 2824 imago
1206 2791 1315 2812 sacra.
1351 2780 1406 2813 De
1425 2779 1489 2812 hac
1508 2778 1650 2812 disserit

101 2833 265 2866 Kellerus
284 2845 318 2878 p.
337 2836 388 2875 75,
407 2834 468 2867 ubi
482 2835 597 2868 Monii
615 2836 658 2868 de
676 2836 831 2881 imagine
849 2837 958 2870 relata
976 2837 1190 2876 referuntur,
1212 2842 1247 2868 et
1264 2847 1298 2879 p.
1313 2837 1367 2868 91.
1384 2837 1438 2876 92,
1461 2835 1521 2869 ubi
1541 2836 1646 2870 etiam

100 2889 382 2924 incantationum
401 2897 520 2925 textus
539 2892 632 2936 typis
650 2893 841 2937 impressus
861 2901 925 2935 est,
947 2894 1008 2927 sed
1027 2893 1308 2927 mendosissime.
