1920 3220
244 190 325 230 890
526 193 605 234 VI.
636 197 672 233 1.
716 206 1010 235 coNsTchrIo
1033 207 1222 235 NOMINIS
1246 207 1495 234 fflnERNlm.

353 302 565 344 Videntur
593 319 682 345 esse
714 305 756 344 in
789 305 853 345 his
881 305 1056 359 vestigia
1077 305 1233 360 proprii
1255 320 1390 354 casus,
1417 305 1588 345 ablativi
1610 305 1782 355 scilicet,

239 370 311 423 qui
338 371 464 412 etiam
494 374 800 415 terminationis
832 375 1017 416 diversae
1046 391 1070 416 a
1101 374 1393 415 terminatione
1424 375 1553 415 dativi
1583 375 1710 416 fuerit
1740 375 1785 415 in

238 440 489 493 quibusdam
510 444 721 497 primitus,
747 452 795 485 ut
816 445 860 485 111
880 446 1028 499 lingua
1049 446 1196 486 latina.

352 527 387 551 c.
417 513 491 552 Ad
494 529 511 567 j
527 529 580 554 ec
592 514 667 554 tiv
680 529 731 555 or
743 530 770 554 u
783 530 824 554 m
855 515 1131 569 congruentia
1148 530 1243 554 cum
1262 514 1534 554 substantivis
1552 514 1595 553 in
1612 529 1778 567 genere,

237 594 412 621 numero
441 589 482 622 et
508 598 607 623 casu
629 592 690 624 est
713 586 856 624 eadem
879 586 1107 634 hibernica,
1133 593 1182 624 ut
1202 585 1246 623 in
1268 584 1360 623 aliis
1382 583 1553 636 linguis,
1580 592 1704 637 atque
1726 584 1784 624 lo—

237 664 310 689 cus
340 650 383 690 in
408 654 622 693 communi
644 655 955 695 constructione
976 662 1070 708 post
1091 653 1370 694 substantiva.
1416 653 1526 693 Sunt
1549 661 1690 693 tamen
1711 668 1784 694 no-

238 720 364 760 tanda
395 725 599 774 quaedam
629 725 797 778 propria
826 724 1065 765 hibernicae
1095 724 1266 777 linguae
1296 722 1340 762 in
1372 722 1448 762 hac
1470 723 1723 762 substantivi
1745 730 1785 763 et

236 789 431 842 adjectivi
452 793 737 835 collocatione.

354 865 390 900 1.
436 862 703 915 Adjcctivum
739 863 874 903 omnis
906 862 1099 903 flexionis
1132 877 1279 916 expers
1311 862 1476 917 saepius
1509 862 1785 917 praemissum

235 928 450 971 invenitur
478 933 757 973 substantivo.
804 934 925 973 Haec
954 940 1096 973 autem
1124 933 1379 973 constructio
1401 940 1464 973 est
1484 932 1654 973 nonnisi
1676 947 1785 972 com-

234 999 386 1054 positio
417 1001 613 1055 adjectivi
642 1018 739 1043 eum
767 1002 1044 1051 substantivo,
1080 1017 1206 1055 quam
1235 1009 1480 1043 consuetam
1508 1017 1596 1043 esse
1627 1002 1785 1055 linguis

235 1071 392 1110 celticis
422 1072 556 1126 magis
587 1088 713 1126 quam
745 1073 852 1122 aliis,
878 1073 1069 1126 exempla
1099 1073 1220 1126 plura
1239 1072 1329 1125 jam
1351 1079 1595 1112 enumerata
1617 1074 1676 1125 (p.
1705 1075 1782 1111 8⁵25

234 1148 275 1180 ct
299 1145 397 1193 862)
420 1143 585 1182 docent.
631 1143 890 1197 Compositio
923 1143 1146 1183 statuenda
1177 1149 1253 1191 est,
1288 1143 1479 1195 quamvis
1512 1149 1700 1195 separata
1728 1142 1783 1181 le-

233 1211 348 1263 gitur
369 1219 547 1265 utraque
569 1227 650 1252 vox
671 1213 715 1253 in
738 1213 948 1253 codicibus
971 1213 1198 1261 interdum,
1225 1228 1261 1252 e.
1287 1227 1348 1266 gr.
1369 1228 1376 1252 :
1404 1212 1451 1252 722⁸
1465 1218 1562 1252 arm
1584 1211 1747 1252 minim.
1773 1244 1780 1251 .

235 1296 286 1322 cm·
307 1282 400 1321 no'ib
423 1283 656 1322 bm'athfraz’b
678 1284 942 1323 rolabrastar
963 1297 1022 1323 cr.
1045 1286 1148 1334 (non
1170 1282 1349 1323 altitudo
1370 1297 1457 1322 non
1479 1282 1642 1321 coelum
1659 1296 1785 1334 supra

235 1366 350 1392 sacra
379 1353 503 1392 verba
534 1368 640 1405 quac
670 1354 836 1393 locutus
867 1360 930 1393 est
953 1352 1166 1404 Christus)
1191 1354 1358 1392 Incant.
1386 1353 1477 1405 Sg„
1501 1367 1576 1405 pro
1602 1365 1652 1391 ar
1672 1351 1783 1391 redib-

234 1422 483 1462 bricctlcrcm'b.
524 1423 882 1477 Compositionem
903 1424 1176 1476 comprobant
1197 1422 1435 1463 infectionis
1459 1436 1666 1462 consonae
1688 1422 1784 1461 sub-

233 1491 407 1531 stantivi
427 1492 668 1545 incipientis
691 1494 811 1546 plura
832 1493 1023 1546 exempla
1046 1494 1105 1546 (p.
1137 1495 1250 1546 198).

345 1562 384 1601 A
412 1562 625 1602 communi
663 1563 809 1615 regula
836 1562 1152 1616 postpositionis
1184 1562 1484 1616 adjectivorum
1515 1561 1784 1614 excipiuntur

233 1631 435 1684 adjectiva
458 1633 785 1685 pronominalia:
812 1632 940 1673 alaile
955 1633 1080 1686 juxta
1102 1632 1185 1673 (tile
1204 1632 1500 1686 postpositum,
1522 1631 1606 1671 uile
1623 1631 1782 1683 signifi-

233 1716 331 1740 cans
364 1701 438 1741 lat.
464 1702 611 1751 omnis,
637 1702 785 1756 quinis,
814 1703 939 1756 juxta
960 1702 1045 1742 uile
1066 1702 1310 1756 significans
1339 1707 1459 1750 tolus,
1484 1702 1595 1754 quod
1616 1708 1782 1754 postpo-

233 1770 348 1810 nitur
369 1778 417 1811 ut
437 1786 549 1811 mere
571 1772 838 1825 adjectivum,
864 1772 964 1812 item
987 1772 1101 1822 caela,
1128 1772 1228 1813 caele,
1250 1775 1322 1812 o'en
1345 1771 1535 1825 (quivis),
1561 1771 1668 1811 mecla
1692 1771 1782 1823 (ali-

233 1841 366 1894 quis);
411 1856 589 1894 quorum
628 1841 819 1882 011111111111
857 1843 1049 1895 exempla
1077 1843 1187 1882 inter
1216 1841 1466 1896 pronomina
1496 1842 1657 1895 prolata
1685 1849 1785 1881 sunt

234 1917 295 1963 (p.
319 1916 396 1950 363
417 1914 515 1964 sq.).
552 1912 836 1965 Excipiuntur
856 1927 977 1964 porro
998 1919 1162 1966 praeter
1182 1912 1416 1952 numeralia
1438 1912 1663 1952 cardinalia
1687 1911 1783 1951 sini—

233 1981 359 2034 plicia
390 1981 516 2021 etiam
546 1982 752 2022 ordinalia
782 1982 925 2021 affinia
955 1982 1089 2035 magis
1111 1981 1341 2035 adjectivis,
1368 1982 1619 2034 quibuscum
1643 1989 1782 2021 tamen

234 2052 405 2092 omnino
434 2052 657 2092 concordat
691 2051 822 2092 tcim'se
844 2052 1107 2104 (sccundus),
1134 2051 1347 2091 interdum
1369 2059 1409 2092 et
1431 2053 1543 2092 cbtnc
1566 2051 1780 2105 (primus),

234 2129 282 2162 ut
303 2122 495 2176 exempla
516 2121 616 2162 item
632 2121 721 2175 jam
743 2122 869 2162 allata
890 2123 1041 2162 docent
1063 2124 1123 2175 (p.
1152 2126 1246 2161 315.
1275 2124 1389 2174 316).

346 2192 558 2246 Adjectivi
593 2192 698 2232 meri
725 2191 988 2232 substantivo
1018 2191 1246 2245 praepositi
1273 2206 1369 2231 cum
1400 2191 1580 2231 flexione
1610 2191 1782 2231 unicum

233 2263 475 2316 exemplum
506 2262 613 2302 mihi
640 2261 819 2303 occurrit
846 2261 948 2301 hoc:
983 2261 1086 2302 imm
1117 2262 1268 2302 doercoe
1285 2261 1436 2316 fivz'clc
1467 2261 1543 2315 (gl.
1568 2261 1778 2309 vaccinia3

232 2332 260 2372 i.
287 2347 323 2372 e.
348 2333 497 2374 rubrae
519 2333 669 2385 ericae)
693 2332 766 2385 Sg.
794 2335 878 2371 49³.

348 2407 386 2442 2.
429 2402 650 2457 Adjcctiva
693 2408 789 2455 post
831 2401 1095 2442 substantiva
1129 2401 1295 2442 numeri
1331 2401 1467 2441 dualis
1503 2401 1704 2454 leguntur
1739 2401 1782 2440 in

233 2473 365 2512 forma
395 2472 570 2526 pluralis
600 2472 779 2520 numeri,
806 2471 1022 2511 hibernica
1049 2480 1096 2512 ut
1124 2472 1343 2512 cambrica.
1390 2471 1595 2523 Exempla
1618 2478 1781 2510 vetusta

233 2542 447 2582 hibernica
476 2542 576 2582 satis
605 2550 736 2582 certa:
771 2541 850 2582 etir
879 2542 933 2581 (la
963 2541 1107 2582 mium
1138 2542 1328 2582 eosmaili
1348 2541 1475 2594 (inter
1504 2541 1587 2579 duo
1608 2540 1781 2579 nomina

232 2612 404 2666 similia)
436 2612 509 2666 Sg.
545 2613 600 2653 da
631 2611 775 2652 drm'tlt
804 2611 1039 2665 (meptccecli
1067 2613 1169 2664 (duo
1200 2611 1372 2652 druidae
1403 2610 1655 2663 aegyptiaci)
1679 2611 1777 2650 Wb.

226 2682 315 2736 jam
336 2697 463 2736 supra
483 2689 711 2723 memorata
732 2688 832 2721 sunt
854 2683 913 2734 (p.
941 2684 1056 2734 278).

349 2759 387 2793 3.
422 2753 690 2806 Adjcctivum
721 2751 810 2792 sine
835 2751 1098 2791 substantivo
1119 2765 1193 2804 per
1214 2765 1256 2791 se
1279 2751 1417 2791 solum
1437 2750 1482 2790 in
1504 2750 1636 2790 forma
1656 2764 1783 2803 gene-

233 2823 289 2863 ris
320 2824 512 2864 neutrius
540 2824 630 2863 loco
652 2821 905 2862 substantivi
927 2836 1015 2861 esse
1036 2828 1195 2874 potest:
1229 2821 1533 2862 dutlcraccarsa
1555 2820 1783 2861 mnae'tlesin

235 2898 351 2949 (opto
381 2896 540 2935 bonum
561 2894 658 2947 1100)
682 2894 779 2934 Wb.
811 2890 891 2931 141’.
925 2892 1111 2933 cmclccbso
1134 2891 1321 2945 (nigrum
1343 2892 1435 2941 1100,
1460 2892 1488 2931 1.
1515 2906 1550 2931 0.
1577 2898 1782 2930 atramen-
