1920 3220
275 179 354 217 732
413 180 466 219 V.
498 184 533 218 1.
578 192 818 219 DERIVATIO
840 192 1025 219 GALLICA
1046 193 1099 218 ΕΤ
1123 193 1369 219 HIBERNICA
1390 193 1691 224 LlQUlDARUM.

386 292 423 331 b.
467 291 577 331 Cum
621 290 833 330 vocalibus
870 291 1083 345 correptis.
1128 292 1241 331 AM:
1283 290 1516 331 Cinnamus
1553 293 1685 343 (nom.
1722 293 1816 344 viri)

272 362 406 400 Inscr.
441 361 567 401 Grut.
596 363 691 408 842,
723 364 787 399 10.
827 361 1005 400 Loutius
1044 360 1229 401 Clutami
1259 361 1319 399 fil.
1356 362 1489 401 Inscr.
1523 362 1652 401 Orell.
1688 366 1812 402 4994.

271 429 505 482 Trigisamo
524 429 672 481 (locus,
694 429 795 469 item
813 430 945 478 fluvii,
966 430 1063 469 hod.
1085 430 1287 479 Treisam,
1308 430 1489 469 influens
1508 431 1552 470 in
1570 432 1817 472 Danubium

272 514 398 548 unus,
419 499 464 539 in
480 499 682 539 Rhenum
703 499 824 552 alter)
844 501 946 539 Τ31).
969 501 1112 548 Peut.‚
1134 515 1316 553 compos.
1337 507 1378 540 et
1395 500 1523 540 deriv.
1545 501 1816 554 Tri-gis-am?

271 570 453 611 Videtur
482 576 624 609 tamen
654 569 840 609 obtinere
862 570 981 610 -S-M
1003 570 1161 623 duplex
1191 570 1391 610 derivatio
1422 570 1467 610 in
1495 571 1665 612 nomine
1691 568 1817 612 Βελί-

273 654 392 692 σαμα
430 642 626 693 (aestuar.
666 639 798 692 Brit.)
830 640 942 679 Ptol.
983 640 1137 680 Miner.
1176 640 1410 680 Belisamae
1446 641 1644 694 Inscript.
1683 642 1813 681 Orell.

277 715 378 750 1431
414 710 653 761 (Belisanae
676 709 806 749 Orell.
837 711 977 762 1969).
1023 710 1132 749 EM:
1165 707 1305 762 πονέμ
1339 711 1482 763 (herba
1515 710 1724 750 artemisia
1752 711 1819 751 vel

273 780 516 834 serpyllum,
550 779 713 832 rapium
736 778 890 830 Gallis)
913 779 1054 818 Diosc.
1083 784 1121 827 3,
1150 784 1243 819 117.
1268 787 1387 833 petra
1415 795 1521 834 quae
1542 780 1731 820 Artemia
1757 781 1817 820 di—

273 850 404 899 citur,
438 850 501 890 vir
531 848 743 888 Artemius
777 847 948 888 nomine
980 848 1050 900 (cf.
1085 849 1249 889 hibern.
1273 852 1427 899 Artzcr,
1453 851 1607 890 cambr.
1631 850 1817 903 Artlmr)

273 920 382 959 Boll.
408 919 497 958 Jul.
528 923 563 967 1,
592 922 658 957 53.
689 922 781 957 114.
827 919 919 958 IM:
955 918 1178 971 Bergimus
1211 920 1349 973 (deus)
1375 921 1508 960 Inscr.
1533 920 1663 960 Orell.
1693 925 1814 960 1971.

278 993 399 1028 1972.
423 1003 518 1041 pars
543 987 631 1041 agri
654 989 765 1041 quod
786 995 958 1028 vocatur
980 988 1168 1037 Sissima,
1194 989 1296 1043 dipl.
1322 1005 1359 1030 a.
1389 995 1466 1029 634
1490 1005 1557 1044 ap.
1584 990 1747 1030 Mabill.
1772 1005 1814 1044 p.

273 1064 370 1099 465.
406 1060 510 1098 Post
530 1058 655 1098 aliam
677 1058 997 1099 derivationem:
1025 1059 1273 1112 Carpusimo
1291 1060 1487 1114 Inscript.
1510 1060 1668 1099 Min-at.
1693 1064 1814 1108 1441,

274 1135 313 1169 4.
358 1130 467 1169 OM:
495 1130 751 1181 Bergomum
772 1131 887 1182 (opp.
914 1129 1027 1169 Gall.
1053 1129 1234 1183 cisalp.),
1260 1130 1521 1170 Vindomum
1543 1130 1690 1182 (Brit.)
1714 1130 1815 1170 Itin.

272 1199 607 1240 Vertacomacori
632 1202 782 1252 (pagus
803 1199 994 1252 gallicus,
1021 1214 1203 1253 compos
1230 1199 1628 1239 Ver-tacomo-cori?
1656 1200 1707 1239 cf.
1735 1200 1818 1240 Da-

272 1284 390 1309 coma
406 1270 539 1309 Inscr.
562 1284 629 1322 ap.
651 1269 795 1309 Emele
812 1283 854 1321 p.
878 1271 948 1321 (37)
968 1269 1081 1309 Plin.
1106 1274 1143 1318 3,
1170 1275 1234 1309 17.
1255 1270 1654 1310 Venaxomodurum
1674 1271 1815 1321 (Raet.

273 1338 436 1392 oppid.)
468 1339 605 1378 Notit.
640 1338 791 1391 dignit.
829 1339 940 1379 CM:
977 1339 1210 1388 Maidumo,
1245 1339 1348 1392 dipl.
1384 1354 1422 1378 a.
1450 1343 1527 1378 562
1552 1354 1618 1393 ap.
1652 1340 1816 1380 Mabill.

271 1424 314 1462 p.
333 1414 428 1448 537.
449 1409 493 1448 in
511 1409 610 1449 villa
627 1416 900 1462 nuncupante
915 1409 1135 1449 Cuchuma
1153 1411 1222 1463 (ad
1240 1409 1445 1461 Mosell.)‚
1461 1410 1651 1449 Martene
1669 1414 1703 1457 1,
1723 1413 1816 1449 184.

385 1495 419 1520 c.
456 1481 565 1519 Cum
586 1479 797 1519 vocalibus
819 1480 1032 1534 productis
1054 1480 1120 1520 vel
1141 1479 1415 1534 diphthongis
1433 1479 1659 1519 derivantis
1677 1494 1717 1519 m
1733 1494 1820 1519 non

272 1557 439 1590 exstant
460 1550 665 1603 exempla.
736 1600 740 1604 .

385 1621 425 1660 d.
470 1620 719 1660 Gemiuatae
756 1621 854 1660 MM
890 1620 1116 1660 derivantis
1152 1619 1352 1674 gallicum
1387 1619 1490 1659 item
1524 1634 1610 1659 non
1648 1626 1821 1672 apparet

271 1690 526 1743 exemplum.
562 1690 665 1743 Ejus
686 1690 825 1730 locum
847 1690 1033 1730 obtinere
1055 1691 1187 1731 videri
1207 1689 1361 1744 poterit
1379 1690 1481 1729 SM:
1510 1689 1682 1730 Osismii
1702 1692 1817 1742 (pop.

271 1761 433 1814 gallic.)
467 1761 603 1801 Strab.
645 1760 758 1800 Plin.
795 1760 939 1800 civitas
976 1760 1326 1801 Ecolismensium
1358 1759 1508 1799 Libell.
1544 1761 1594 1800 de
1628 1759 1816 1813 provinc.

273 1832 417 1879 Rom„
444 1830 653 1870 Ecolisma
685 1830 801 1881 (hod.
826 1831 1109 1884 Angoulemc)
1133 1831 1261 1882 Greg.
1287 1831 1389 1869 Tur.
1418 1833 1456 1878 2,
1487 1834 1550 1869 13.
1579 1834 1645 1868 37.
1671 1842 1819 1868 nemus

273 1900 341 1941 cui
372 1901 595 1940 Molismus
623 1914 778 1939 nomen
808 1908 883 1949 est,
919 1900 1021 1941 Vita
1053 1900 1096 1939 S.
1123 1899 1298 1939 Roberti
1327 1899 1452 1951 primi
1482 1900 1576 1939 abb.
1612 1897 1815 1945 Molism„

273 1970 383 2010 Boll.
408 1970 511 2023 Apr.
540 1974 577 2018 3,
605 1974 700 2008 670.
736 1969 986 2009 Bellismum
1016 1970 1249 2018 castellum,
1285 1969 1473 2009 Orderici
1502 1970 1541 2008 V
1544 1968 1632 2008 ital.
1669 1967 1816 2007 histor.

273 2040 373 2080 eccl.
398 2041 546 2079 Norm.
574 2040 732 2092 (Vales.
757 2055 799 2093 p.
830 2043 895 2078 72.
925 2040 1010 2091 79).
1045 2036 1313 2091 λειούσματα
1346 2034 1371 2094 ἢ
1392 2036 1679 2093 λεγούσματα.
1703 2031 1822 2085 εἶδος

273 2107 596 2166 καταφράκτων.
616 2106 827 2160 Γαλάται,
848 2109 1036 2163 Hesych.
1057 2111 1121 2149 ed.
1137 2110 1234 2148 Alb.
1253 2113 1291 2157 2,
1311 2112 1406 2148 442.
1439 2109 1522 2149 Sed
1538 2109 1609 2149 vix
1626 2108 1816 2156 dubium,

272 2188 406 2220 ortam
428 2194 516 2220 esse
539 2180 646 2220 hanc
668 2194 689 2220 e
711 2180 967 2220 derivatione
989 2194 1114 2234 supra
1135 2186 1364 2219 memorata
1381 2179 1539 2233 duplici
1556 2193 1670 2227 -s-m,
1696 2193 1731 2218 e.
1752 2192 1814 2231 gr.

272 2251 317 2290 in
338 2250 508 2290 nomine
531 2250 740 2290 Belisama
761 2265 828 2303 ap.
854 2250 967 2290 Ptol.

385 2534 617 2575 Hibernica
639 2536 686 2575 M
708 2535 915 2575 derivans.
959 2539 1002 2588 a)
1037 2535 1227 2588 Simplex
1253 2535 1452 2574 accedens
1482 2534 1613 2589 vocali
1641 2548 1727 2573 non
1758 2533 1820 2572 in-

274 2606 474 2646 termedia
510 2607 563 2646 ad
598 2606 779 2646 radicem
816 2605 1081 2645 terminatam
1116 2604 1249 2644 vocali
1283 2603 1328 2643 in
1359 2603 1632 2643 substantivis
1665 2618 1816 2643 masc.:

269 2677 401 2730 quim,
427 2691 524 2729 gen.
555 2677 695 2730 ym'mo
727 2678 896 2727 (actus),
923 2690 943 2714 e
975 2676 1087 2715 verb.
1109 2675 1228 2728 ym'ec,
1254 2673 1374 2713 facio.
1418 2674 1472 2713 In
1502 2673 1694 2726 pluribus
1725 2673 1820 2712 sub-

273 2746 466 2786 stantivis
498 2745 730 2786 terminatis
761 2746 812 2785 ab
843 2760 900 2785 -m
932 2745 998 2784 vel
1029 2759 1109 2784 -me
1140 2745 1191 2784 ob
1220 2743 1420 2783 flexiones
1452 2758 1581 2792 -mcm,
1608 2758 1699 2783 men
1727 2757 1816 2796 pro-

272 2817 448 2856 deuntes
470 2815 515 2855 in
536 2815 699 2856 casibus
722 2814 900 2868 obliquis
924 2816 983 2868 (p.
1012 2817 1089 2853 264
1110 2816 1193 2867 sq.)
1216 2828 1242 2853 η
1267 2813 1419 2853 31111553
1440 2820 1481 2853 et
1502 2812 1702 2853 derivatio
1724 2826 1820 2865 ergo

273 2900 379 2926 -m-Je
401 2886 558 2939 duplex
580 2886 801 2926 statuenda
825 2892 900 2933 ost,
926 2900 960 2924 0.
982 2899 1043 2937 gr.
1070 2885 1115 2924 in
1135 2884 1224 2924 his:
1261 2884 1347 2924 bem
1371 2884 1566 2935 (verber),
1592 2882 1703 2923 solnm
1730 2886 1821 2925 (no-
