<?xml version="1.0" encoding="UTF-8"?>
<!DOCTYPE html PUBLIC "-//W3C//DTD XHTML 1.0 Transitional//EN"
    "http://www.w3.org/TR/xhtml1/DTD/xhtml1-transitional.dtd">
<html xmlns="http://www.w3.org/1999/xhtml" xml:lang="en" lang="en">
 <head>
  <title>
</title>
<meta http-equiv="Content-Type" content="text/html;charset=utf-8" />
  <meta name='ocr-system' content='tesseract 3.04.00' />
  <meta name='ocr-capabilities' content='ocr_page ocr_carea ocr_par ocr_line ocrx_word'/>
</head>
<body>
  <div class='ocr_page' id='page_1' title='image "./grammaticaceltic02zeus_0071.png"; bbox 0 0 1920 3220; ppageno 0'>
   <div class='ocr_carea' id='block_1_1' title="bbox 450 179 1670 221">
    <p class='ocr_par' dir='ltr' id='par_1_1' title="bbox 450 179 1670 221">
     <span class='ocr_line' id='line_1_1' title="bbox 450 179 1670 221; baseline -0.002 -1"><span class='ocrx_word' id='word_1_1' title='bbox 450 181 529 221; x_wconf 85' lang='lat' dir='ltr'>IV.</span> <span class='ocrx_word' id='word_1_2' title='bbox 557 184 595 219; x_wconf 88' lang='grc'>2.</span> <span class='ocrx_word' id='word_1_3' title='bbox 635 192 1010 220; x_wconf 70' lang='lat' dir='ltr'>PRAEPos1T1oNEs</span> <span class='ocrx_word' id='word_1_4' title='bbox 1034 192 1346 220; x_wconf 76' lang='lat' dir='ltr'>BRITANNICAE.</span> <span class='ocrx_word' id='word_1_5' title='bbox 1594 179 1670 219; x_wconf 87' lang='lat'>621</span> 
     </span>
    </p>
   </div>
   <div class='ocr_carea' id='block_1_2' title="bbox 129 290 1678 833">
    <p class='ocr_par' dir='ltr' id='par_1_2' title="bbox 129 290 1678 833">
     <span class='ocr_line' id='line_1_2' title="bbox 131 290 1677 345; baseline 0 -14"><span class='ocrx_word' id='word_1_6' title='bbox 131 292 209 331; x_wconf 84' lang='lat' dir='ltr'>Ml.</span> <span class='ocrx_word' id='word_1_7' title='bbox 238 295 320 331; x_wconf 75' lang='lat'>34³.</span> <span class='ocrx_word' id='word_1_8' title='bbox 360 292 567 332; x_wconf 76' lang='lat' dir='ltr'>eiasberat</span> <span class='ocrx_word' id='word_1_9' title='bbox 603 290 876 331; x_wconf 75' lang='lat' dir='ltr'>doae&#39;clbcletar</span> <span class='ocrx_word' id='word_1_10' title='bbox 899 290 991 344; x_wconf 70' lang='lat' dir='ltr'>fisi</span> <span class='ocrx_word' id='word_1_11' title='bbox 1026 291 1118 330; x_wconf 77' lang='lat' dir='ltr'>(loib</span> <span class='ocrx_word' id='word_1_12' title='bbox 1157 297 1196 331; x_wconf 78' lang='lat' dir='ltr'>et</span> <span class='ocrx_word' id='word_1_13' title='bbox 1230 290 1419 345; x_wconf 68' lang='lat' dir='ltr'>(lotv’ccqat</span> <span class='ocrx_word' id='word_1_14' title='bbox 1449 290 1571 344; x_wconf 70' lang='lat' dir='ltr'>anqil</span> <span class='ocrx_word' id='word_1_15' title='bbox 1603 306 1677 331; x_wconf 79' lang='lat' dir='ltr'>cm-</span> 
     </span>
     <span class='ocr_line' id='line_1_3' title="bbox 131 360 1676 413; baseline -0.001 -12"><span class='ocrx_word' id='word_1_16' title='bbox 131 361 306 401; x_wconf 69' lang='lat' dir='ltr'>dochum</span> <span class='ocrx_word' id='word_1_17' title='bbox 335 360 583 402; x_wconf 72' lang='lat' dir='ltr'>m‘cleretidsz&#39;</span> <span class='ocrx_word' id='word_1_18' title='bbox 604 361 678 413; x_wconf 84' lang='lat' dir='ltr'>(gl.</span> <span class='ocrx_word' id='word_1_19' title='bbox 704 374 828 399; x_wconf 88' lang='lat' dir='ltr'>nemo</span> <span class='ocrx_word' id='word_1_20' title='bbox 854 374 926 399; x_wconf 73' lang='lat' dir='ltr'>vos</span> <span class='ocrx_word' id='word_1_21' title='bbox 949 361 1119 399; x_wconf 80' lang='lat' dir='ltr'>seducat</span> <span class='ocrx_word' id='word_1_22' title='bbox 1140 361 1283 400; x_wconf 74' lang='lat' dir='ltr'>volens</span> <span class='ocrx_word' id='word_1_23' title='bbox 1307 362 1350 400; x_wconf 90' lang='lat' dir='ltr'>in</span> <span class='ocrx_word' id='word_1_24' title='bbox 1374 360 1614 400; x_wconf 88' lang='lat' dir='ltr'>humilitate</span> <span class='ocrx_word' id='word_1_25' title='bbox 1637 369 1676 400; x_wconf 87' lang='lat' dir='ltr'>et</span> 
     </span>
     <span class='ocr_line' id='line_1_4' title="bbox 129 429 1678 484; baseline -0.001 -13"><span class='ocrx_word' id='word_1_26' title='bbox 129 432 329 484; x_wconf 83' lang='lat' dir='ltr'>religione</span> <span class='ocrx_word' id='word_1_27' title='bbox 359 432 618 484; x_wconf 78' lang='lat' dir='ltr'>angelorum,</span> <span class='ocrx_word' id='word_1_28' title='bbox 653 431 813 470; x_wconf 84' lang='lat' dir='ltr'>Coloss.</span> <span class='ocrx_word' id='word_1_29' title='bbox 842 433 889 477; x_wconf 82' lang='lat'>2,</span> <span class='ocrx_word' id='word_1_30' title='bbox 920 434 992 477; x_wconf 78' lang='lat'>183</span> <span class='ocrx_word' id='word_1_31' title='bbox 1027 429 1053 469; x_wconf 90' lang='lat' dir='ltr'>i.</span> <span class='ocrx_word' id='word_1_32' title='bbox 1081 444 1116 469; x_wconf 86' lang='lat' dir='ltr'>e.</span> <span class='ocrx_word' id='word_1_33' title='bbox 1150 431 1340 482; x_wconf 80' lang='lat' dir='ltr'>quamvis</span> <span class='ocrx_word' id='word_1_34' title='bbox 1372 431 1532 478; x_wconf 87' lang='lat' dir='ltr'>dicunt,</span> <span class='ocrx_word' id='word_1_35' title='bbox 1567 431 1678 482; x_wconf 88' lang='lat' dir='ltr'>quod</span> 
     </span>
     <span class='ocr_line' id='line_1_5' title="bbox 130 499 1673 554; baseline -0.001 -14"><span class='ocrx_word' id='word_1_36' title='bbox 130 502 419 541; x_wconf 87' lang='lat' dir='ltr'>demonstrant</span> <span class='ocrx_word' id='word_1_37' title='bbox 443 502 652 554; x_wconf 87' lang='lat' dir='ltr'>sapientes</span> <span class='ocrx_word' id='word_1_38' title='bbox 675 501 748 549; x_wconf 80' lang='lat' dir='ltr'>eis,</span> <span class='ocrx_word' id='word_1_39' title='bbox 775 508 817 540; x_wconf 87' lang='lat' dir='ltr'>et</span> <span class='ocrx_word' id='word_1_40' title='bbox 838 506 941 539; x_wconf 87' lang='lat' dir='ltr'>eunt</span> <span class='ocrx_word' id='word_1_41' title='bbox 963 499 1102 552; x_wconf 82' lang='lat' dir='ltr'>angeli</span> <span class='ocrx_word' id='word_1_42' title='bbox 1123 500 1175 538; x_wconf 86' lang='lat' dir='ltr'>ad</span> <span class='ocrx_word' id='word_1_43' title='bbox 1198 514 1280 548; x_wconf 82' lang='lat' dir='ltr'>eos,</span> <span class='ocrx_word' id='word_1_44' title='bbox 1306 514 1358 539; x_wconf 90' lang='lat' dir='ltr'>ne</span> <span class='ocrx_word' id='word_1_45' title='bbox 1381 500 1551 552; x_wconf 84' lang='lat' dir='ltr'>credite)</span> <span class='ocrx_word' id='word_1_46' title='bbox 1576 501 1673 540; x_wconf 88' lang='lat' dir='ltr'>Wb.</span> 
     </span>
     <span class='ocr_line' id='line_1_6' title="bbox 132 568 1672 622; baseline -0.001 -13"><span class='ocrx_word' id='word_1_47' title='bbox 132 575 214 610; x_wconf 76' lang='lat'>27⁸.</span> <span class='ocrx_word' id='word_1_48' title='bbox 259 571 437 611; x_wconf 87' lang='lat' dir='ltr'>Confero</span> <span class='ocrx_word' id='word_1_49' title='bbox 466 571 530 610; x_wconf 88' lang='lat' dir='ltr'>his</span> <span class='ocrx_word' id='word_1_50' title='bbox 560 569 748 610; x_wconf 84' lang='lat' dir='ltr'>formulis</span> <span class='ocrx_word' id='word_1_51' title='bbox 780 568 869 609; x_wconf 80' lang='lat' dir='ltr'>sine</span> <span class='ocrx_word' id='word_1_52' title='bbox 898 569 1205 622; x_wconf 77' lang='lat' dir='ltr'>praepositione</span> <span class='ocrx_word' id='word_1_53' title='bbox 1234 568 1358 608; x_wconf 91' lang='lat' dir='ltr'>aliam</span> <span class='ocrx_word' id='word_1_54' title='bbox 1390 569 1434 608; x_wconf 88' lang='lat' dir='ltr'>in</span> <span class='ocrx_word' id='word_1_55' title='bbox 1456 571 1554 610; x_wconf 83' lang='lat' dir='ltr'>Wb.</span> <span class='ocrx_word' id='word_1_56' title='bbox 1585 573 1672 609; x_wconf 81' lang='lat'>16⁰:</span> 
     </span>
     <span class='ocr_line' id='line_1_7' title="bbox 129 639 1673 694; baseline -0.001 -14"><span class='ocrx_word' id='word_1_57' title='bbox 129 641 231 694; x_wconf 73' lang='lat' dir='ltr'>m&#39;pzc</span> <span class='ocrx_word' id='word_1_58' title='bbox 264 641 362 694; x_wconf 66' lang='lat' dir='ltr'>layca</span> <span class='ocrx_word' id='word_1_59' title='bbox 394 640 624 680; x_wconf 68' lang='lat' dir='ltr'>(ccleecitsz&#39;di</span> <span class='ocrx_word' id='word_1_60' title='bbox 670 640 727 693; x_wconf 86' lang='lat' dir='ltr'>gl.</span> <span class='ocrx_word' id='word_1_61' title='bbox 762 639 834 692; x_wconf 90' lang='lat' dir='ltr'>qui</span> <span class='ocrx_word' id='word_1_62' title='bbox 864 639 1077 679; x_wconf 90' lang='lat' dir='ltr'>modicum</span> <span class='ocrx_word' id='word_1_63' title='bbox 1107 639 1279 687; x_wconf 81' lang='lat' dir='ltr'>habuit,</span> <span class='ocrx_word' id='word_1_64' title='bbox 1313 654 1400 678; x_wconf 88' lang='lat' dir='ltr'>non</span> <span class='ocrx_word' id='word_1_65' title='bbox 1429 639 1652 679; x_wconf 84' lang='lat' dir='ltr'>minoravit</span> <span class='ocrx_word' id='word_1_66' title='bbox 1663 656 1673 687; x_wconf 85' lang='lat'>3</span> 
     </span>
     <span class='ocr_line' id='line_1_8' title="bbox 129 708 1676 763; baseline -0.002 -13"><span class='ocrx_word' id='word_1_67' title='bbox 129 711 157 750; x_wconf 91' lang='lat' dir='ltr'>i.</span> <span class='ocrx_word' id='word_1_68' title='bbox 183 725 219 750; x_wconf 86' lang='lat' dir='ltr'>e.</span> <span class='ocrx_word' id='word_1_69' title='bbox 245 725 332 750; x_wconf 87' lang='lat' dir='ltr'>non</span> <span class='ocrx_word' id='word_1_70' title='bbox 364 717 452 750; x_wconf 87' lang='lat' dir='ltr'>erat</span> <span class='ocrx_word' id='word_1_71' title='bbox 481 710 622 749; x_wconf 89' lang='lat' dir='ltr'>minus</span> <span class='ocrx_word' id='word_1_72' title='bbox 644 717 835 763; x_wconf 83' lang='lat' dir='ltr'>respectu</span> <span class='ocrx_word' id='word_1_73' title='bbox 857 709 1019 761; x_wconf 82' lang='lat' dir='ltr'>hujus),</span> <span class='ocrx_word' id='word_1_74' title='bbox 1045 723 1119 761; x_wconf 88' lang='lat' dir='ltr'>pro</span> <span class='ocrx_word' id='word_1_75' title='bbox 1141 723 1223 762; x_wconf 89' lang='lat' dir='ltr'>qua</span> <span class='ocrx_word' id='word_1_76' title='bbox 1244 723 1340 748; x_wconf 90' lang='lat' dir='ltr'>cum</span> <span class='ocrx_word' id='word_1_77' title='bbox 1362 708 1483 748; x_wconf 81' lang='lat' dir='ltr'>solita</span> <span class='ocrx_word' id='word_1_78' title='bbox 1504 723 1676 762; x_wconf 84' lang='lat' dir='ltr'>praepo·</span> 
     </span>
     <span class='ocr_line' id='line_1_9' title="bbox 129 778 1100 833; baseline -0.003 -13"><span class='ocrx_word' id='word_1_79' title='bbox 129 780 280 820; x_wconf 85' lang='lat' dir='ltr'>sitione</span> <span class='ocrx_word' id='word_1_80' title='bbox 301 794 352 820; x_wconf 78' lang='lat' dir='ltr'>ar</span> <span class='ocrx_word' id='word_1_81' title='bbox 373 781 654 833; x_wconf 73' lang='lat' dir='ltr'>exspectanda</span> <span class='ocrx_word' id='word_1_82' title='bbox 676 786 783 819; x_wconf 85' lang='lat' dir='ltr'>esset</span> <span class='ocrx_word' id='word_1_83' title='bbox 806 778 1100 818; x_wconf 67' lang='lat' dir='ltr'>araelzuz&#39;tse‘de‘.</span> 
     </span>
    </p>
   </div>
   <div class='ocr_carea' id='block_1_3' title="bbox 350 1184 1449 1393">
    <p class='ocr_par' dir='ltr' id='par_1_3' title="bbox 350 1184 1449 1393">
     <span class='ocr_line' id='line_1_10' title="bbox 350 1184 1449 1246; baseline 0 -16"><span class='ocrx_word' id='word_1_84' title='bbox 350 1187 420 1231; x_wconf 93' lang='grc' dir='ltr'>Π.</span> <span class='ocrx_word' id='word_1_85' title='bbox 495 1185 996 1246; x_wconf 85' lang='lat' dir='ltr'>Praepositiones</span> <span class='ocrx_word' id='word_1_86' title='bbox 1040 1184 1449 1230; x_wconf 81' lang='lat' dir='ltr'>britannicae.</span> 
     </span>
     <span class='ocr_line' id='line_1_11' title="bbox 473 1338 1323 1393; baseline -0.001 -14"><span class='ocrx_word' id='word_1_87' title='bbox 473 1340 525 1379; x_wconf 85' lang='lat' dir='ltr'>A.</span> <span class='ocrx_word' id='word_1_88' title='bbox 571 1339 1022 1393; x_wconf 86' lang='lat' dir='ltr'>Praepositiones</span> <span class='ocrx_word' id='word_1_89' title='bbox 1058 1338 1323 1393; x_wconf 86' lang='lat' dir='ltr'>propriae.</span> 
     </span>
    </p>
   </div>
   <div class='ocr_carea' id='block_1_4' title="bbox 125 1483 1680 2931">
    <p class='ocr_par' dir='ltr' id='par_1_4' title="bbox 125 1483 1677 2165">
     <span class='ocr_line' id='line_1_12' title="bbox 241 1483 1676 1539; baseline 0.001 -14"><span class='ocrx_word' id='word_1_90' title='bbox 241 1486 351 1525; x_wconf 82' lang='lat' dir='ltr'>Sunt</span> <span class='ocrx_word' id='word_1_91' title='bbox 380 1485 481 1524; x_wconf 88' lang='lat' dir='ltr'>item</span> <span class='ocrx_word' id='word_1_92' title='bbox 508 1485 819 1539; x_wconf 72' lang='lat' dir='ltr'>monosyllabae</span> <span class='ocrx_word' id='word_1_93' title='bbox 840 1485 906 1524; x_wconf 80' lang='lat' dir='ltr'>vel</span> <span class='ocrx_word' id='word_1_94' title='bbox 927 1484 1171 1538; x_wconf 72' lang='lat' dir='ltr'>bisyllabae,</span> <span class='ocrx_word' id='word_1_95' title='bbox 1197 1491 1246 1524; x_wconf 89' lang='lat' dir='ltr'>ut</span> <span class='ocrx_word' id='word_1_96' title='bbox 1266 1483 1519 1533; x_wconf 73' lang='lat' dir='ltr'>hibernicae,</span> <span class='ocrx_word' id='word_1_97' title='bbox 1550 1492 1676 1539; x_wconf 87' lang='lat' dir='ltr'>atque</span> 
     </span>
     <span class='ocr_line' id='line_1_13' title="bbox 125 1554 1675 1609; baseline 0 -15"><span class='ocrx_word' id='word_1_98' title='bbox 125 1555 354 1609; x_wconf 81' lang='lat' dir='ltr'>plurimam</span> <span class='ocrx_word' id='word_1_99' title='bbox 383 1562 545 1608; x_wconf 88' lang='lat' dir='ltr'>partem</span> <span class='ocrx_word' id='word_1_100' title='bbox 574 1556 756 1603; x_wconf 88' lang='lat' dir='ltr'>eaedem,</span> <span class='ocrx_word' id='word_1_101' title='bbox 782 1555 926 1608; x_wconf 83' lang='lat' dir='ltr'>paucis</span> <span class='ocrx_word' id='word_1_102' title='bbox 949 1554 1148 1608; x_wconf 75' lang='lat' dir='ltr'>exceptis,</span> <span class='ocrx_word' id='word_1_103' title='bbox 1175 1568 1280 1607; x_wconf 91' lang='lat' dir='ltr'>quae</span> <span class='ocrx_word' id='word_1_104' title='bbox 1304 1563 1403 1593; x_wconf 86' lang='lat' dir='ltr'>sunt</span> <span class='ocrx_word' id='word_1_105' title='bbox 1424 1554 1591 1607; x_wconf 81' lang='lat' dir='ltr'>ignotae</span> <span class='ocrx_word' id='word_1_106' title='bbox 1613 1556 1675 1594; x_wconf 91' lang='lat' dir='ltr'>hi—</span> 
     </span>
     <span class='ocr_line' id='line_1_14' title="bbox 125 1623 1675 1678; baseline -0.001 -13"><span class='ocrx_word' id='word_1_107' title='bbox 125 1626 318 1665; x_wconf 85' lang='lat' dir='ltr'>bernicae</span> <span class='ocrx_word' id='word_1_108' title='bbox 348 1625 533 1677; x_wconf 76' lang='lat' dir='ltr'>linguae.</span> <span class='ocrx_word' id='word_1_109' title='bbox 579 1625 645 1665; x_wconf 90' lang='lat' dir='ltr'>Ob</span> <span class='ocrx_word' id='word_1_110' title='bbox 674 1625 749 1664; x_wconf 88' lang='lat' dir='ltr'>has</span> <span class='ocrx_word' id='word_1_111' title='bbox 779 1633 904 1678; x_wconf 88' lang='lat' dir='ltr'>atque</span> <span class='ocrx_word' id='word_1_112' title='bbox 935 1626 986 1664; x_wconf 91' lang='lat' dir='ltr'>ob</span> <span class='ocrx_word' id='word_1_113' title='bbox 1016 1624 1237 1678; x_wconf 86' lang='lat' dir='ltr'>penuriam</span> <span class='ocrx_word' id='word_1_114' title='bbox 1258 1623 1449 1663; x_wconf 76' lang='lat' dir='ltr'>flexionis</span> <span class='ocrx_word' id='word_1_115' title='bbox 1472 1624 1675 1664; x_wconf 87' lang='lat' dir='ltr'>britanni-</span> 
     </span>
     <span class='ocr_line' id='line_1_15' title="bbox 126 1693 1676 1748; baseline -0.001 -13"><span class='ocrx_word' id='word_1_116' title='bbox 126 1710 210 1744; x_wconf 85' lang='lat' dir='ltr'>cae,</span> <span class='ocrx_word' id='word_1_117' title='bbox 237 1703 405 1748; x_wconf 82' lang='lat' dir='ltr'>propter</span> <span class='ocrx_word' id='word_1_118' title='bbox 436 1708 561 1747; x_wconf 90' lang='lat' dir='ltr'>quam</span> <span class='ocrx_word' id='word_1_119' title='bbox 593 1709 711 1734; x_wconf 87' lang='lat' dir='ltr'>casus</span> <span class='ocrx_word' id='word_1_120' title='bbox 744 1695 1103 1734; x_wconf 77' lang='lat' dir='ltr'>substantivorum</span> <span class='ocrx_word' id='word_1_121' title='bbox 1129 1701 1224 1748; x_wconf 89' lang='lat' dir='ltr'>post</span> <span class='ocrx_word' id='word_1_122' title='bbox 1244 1693 1573 1746; x_wconf 82' lang='lat' dir='ltr'>praepositiones</span> <span class='ocrx_word' id='word_1_123' title='bbox 1595 1694 1676 1733; x_wconf 82' lang='lat' dir='ltr'>bri-</span> 
     </span>
     <span class='ocr_line' id='line_1_16' title="bbox 128 1763 1676 1817; baseline -0.001 -12"><span class='ocrx_word' id='word_1_124' title='bbox 128 1765 316 1805; x_wconf 85' lang='lat' dir='ltr'>tannicas</span> <span class='ocrx_word' id='word_1_125' title='bbox 346 1763 535 1816; x_wconf 80' lang='lat' dir='ltr'>dignosci</span> <span class='ocrx_word' id='word_1_126' title='bbox 566 1779 652 1803; x_wconf 90' lang='lat' dir='ltr'>non</span> <span class='ocrx_word' id='word_1_127' title='bbox 683 1772 874 1817; x_wconf 83' lang='lat' dir='ltr'>possunt,</span> <span class='ocrx_word' id='word_1_128' title='bbox 906 1779 992 1804; x_wconf 91' lang='lat' dir='ltr'>non</span> <span class='ocrx_word' id='word_1_129' title='bbox 1022 1778 1255 1817; x_wconf 82' lang='lat' dir='ltr'>congruum</span> <span class='ocrx_word' id='word_1_130' title='bbox 1283 1763 1463 1811; x_wconf 75' lang='lat' dir='ltr'>videtur,</span> <span class='ocrx_word' id='word_1_131' title='bbox 1495 1764 1676 1804; x_wconf 88' lang='lat' dir='ltr'>eundem</span> 
     </span>
     <span class='ocr_line' id='line_1_17' title="bbox 126 1832 1677 1881; baseline 0.001 -10"><span class='ocrx_word' id='word_1_132' title='bbox 126 1832 315 1872; x_wconf 89' lang='lat' dir='ltr'>ordinem</span> <span class='ocrx_word' id='word_1_133' title='bbox 347 1847 522 1881; x_wconf 82' lang='lat' dir='ltr'>servare,</span> <span class='ocrx_word' id='word_1_134' title='bbox 558 1841 605 1873; x_wconf 89' lang='lat' dir='ltr'>ut</span> <span class='ocrx_word' id='word_1_135' title='bbox 636 1834 680 1873; x_wconf 89' lang='lat' dir='ltr'>in</span> <span class='ocrx_word' id='word_1_136' title='bbox 713 1834 954 1874; x_wconf 86' lang='lat' dir='ltr'>hibernicis.</span> <span class='ocrx_word' id='word_1_137' title='bbox 999 1834 1374 1874; x_wconf 88' lang='lat' dir='ltr'>Enumerabuntur</span> <span class='ocrx_word' id='word_1_138' title='bbox 1405 1832 1502 1872; x_wconf 88' lang='lat' dir='ltr'>inde</span> <span class='ocrx_word' id='word_1_139' title='bbox 1532 1847 1677 1873; x_wconf 89' lang='lat' dir='ltr'>mono-</span> 
     </span>
     <span class='ocr_line' id='line_1_18' title="bbox 127 1902 1676 1955; baseline 0.001 -14"><span class='ocrx_word' id='word_1_140' title='bbox 127 1902 308 1955; x_wconf 67' lang='lat' dir='ltr'>syllabae</span> <span class='ocrx_word' id='word_1_141' title='bbox 325 1902 508 1955; x_wconf 88' lang='lat' dir='ltr'>primum</span> <span class='ocrx_word' id='word_1_142' title='bbox 527 1903 771 1942; x_wconf 87' lang='lat' dir='ltr'>terminatae</span> <span class='ocrx_word' id='word_1_143' title='bbox 789 1903 1016 1953; x_wconf 82' lang='lat' dir='ltr'>vocalibus,</span> <span class='ocrx_word' id='word_1_144' title='bbox 1034 1903 1131 1943; x_wconf 89' lang='lat' dir='ltr'>dein</span> <span class='ocrx_word' id='word_1_145' title='bbox 1148 1902 1357 1951; x_wconf 84' lang='lat' dir='ltr'>consonis,</span> <span class='ocrx_word' id='word_1_146' title='bbox 1378 1902 1538 1942; x_wconf 87' lang='lat' dir='ltr'>ratione</span> <span class='ocrx_word' id='word_1_147' title='bbox 1555 1917 1676 1955; x_wconf 87' lang='lat' dir='ltr'>porro</span> 
     </span>
     <span class='ocr_line' id='line_1_19' title="bbox 126 1972 1672 2025; baseline 0.001 -14"><span class='ocrx_word' id='word_1_148' title='bbox 126 1972 170 2011; x_wconf 89' lang='lat' dir='ltr'>in</span> <span class='ocrx_word' id='word_1_149' title='bbox 201 1972 266 2011; x_wconf 87' lang='lat' dir='ltr'>his</span> <span class='ocrx_word' id='word_1_150' title='bbox 294 1972 437 2013; x_wconf 83' lang='lat' dir='ltr'>habita</span> <span class='ocrx_word' id='word_1_151' title='bbox 467 1988 664 2013; x_wconf 84' lang='lat' dir='ltr'>sonorum</span> <span class='ocrx_word' id='word_1_152' title='bbox 694 1988 717 2012; x_wconf 92' lang='lat' dir='ltr'>a</span> <span class='ocrx_word' id='word_1_153' title='bbox 746 1972 897 2025; x_wconf 86' lang='lat' dir='ltr'>quibus</span> <span class='ocrx_word' id='word_1_154' title='bbox 929 1973 1206 2020; x_wconf 72' lang='lat' dir='ltr'>inchoantur·;</span> <span class='ocrx_word' id='word_1_155' title='bbox 1243 1972 1288 2011; x_wconf 87' lang='lat' dir='ltr'>in</span> <span class='ocrx_word' id='word_1_156' title='bbox 1318 1973 1403 2011; x_wconf 89' lang='lat' dir='ltr'>fine</span> <span class='ocrx_word' id='word_1_157' title='bbox 1429 1972 1672 2025; x_wconf 74' lang='lat' dir='ltr'>bisyllabae.</span> 
     </span>
     <span class='ocr_line' id='line_1_20' title="bbox 127 2042 1675 2096; baseline 0.001 -15"><span class='ocrx_word' id='word_1_158' title='bbox 127 2042 301 2081; x_wconf 87' lang='lat' dir='ltr'>Formae</span> <span class='ocrx_word' id='word_1_159' title='bbox 324 2042 367 2082; x_wconf 89' lang='lat' dir='ltr'>in</span> <span class='ocrx_word' id='word_1_160' title='bbox 391 2042 524 2082; x_wconf 84' lang='lat' dir='ltr'>titulis</span> <span class='ocrx_word' id='word_1_161' title='bbox 548 2043 788 2082; x_wconf 84' lang='lat' dir='ltr'>scribuntur</span> <span class='ocrx_word' id='word_1_162' title='bbox 809 2042 1054 2092; x_wconf 88' lang='lat' dir='ltr'>cambricae,</span> <span class='ocrx_word' id='word_1_163' title='bbox 1076 2042 1121 2082; x_wconf 88' lang='lat' dir='ltr'>in</span> <span class='ocrx_word' id='word_1_164' title='bbox 1142 2042 1334 2096; x_wconf 89' lang='lat' dir='ltr'>plurimis</span> <span class='ocrx_word' id='word_1_165' title='bbox 1358 2042 1515 2082; x_wconf 84' lang='lat' dir='ltr'>scilicet</span> <span class='ocrx_word' id='word_1_166' title='bbox 1536 2042 1580 2081; x_wconf 89' lang='lat' dir='ltr'>in</span> <span class='ocrx_word' id='word_1_167' title='bbox 1598 2043 1675 2082; x_wconf 86' lang='lat' dir='ltr'>hac</span> 
     </span>
     <span class='ocr_line' id='line_1_21' title="bbox 125 2111 663 2165; baseline 0.004 -15"><span class='ocrx_word' id='word_1_168' title='bbox 125 2111 272 2165; x_wconf 84' lang='lat' dir='ltr'>lingua</span> <span class='ocrx_word' id='word_1_169' title='bbox 294 2112 439 2165; x_wconf 88' lang='lat' dir='ltr'>purius</span> <span class='ocrx_word' id='word_1_170' title='bbox 463 2120 663 2152; x_wconf 73' lang='lat' dir='ltr'>servatae.</span> 
     </span>
    </p>

    <p class='ocr_par' dir='ltr' id='par_1_5' title="bbox 126 2181 1680 2582">
     <span class='ocr_line' id='line_1_22' title="bbox 240 2181 1677 2235; baseline 0 -13"><span class='ocrx_word' id='word_1_171' title='bbox 240 2182 463 2235; x_wconf 87' lang='lat' dir='ltr'>Proprium</span> <span class='ocrx_word' id='word_1_172' title='bbox 485 2190 548 2222; x_wconf 84' lang='lat' dir='ltr'>est</span> <span class='ocrx_word' id='word_1_173' title='bbox 576 2183 709 2222; x_wconf 85' lang='lat' dir='ltr'>tribus</span> <span class='ocrx_word' id='word_1_174' title='bbox 739 2182 942 2232; x_wconf 85' lang='lat' dir='ltr'>dialectis,</span> <span class='ocrx_word' id='word_1_175' title='bbox 968 2190 1054 2223; x_wconf 87' lang='lat' dir='ltr'>tam</span> <span class='ocrx_word' id='word_1_176' title='bbox 1082 2182 1311 2222; x_wconf 86' lang='lat' dir='ltr'>cambricae</span> <span class='ocrx_word' id='word_1_177' title='bbox 1334 2196 1460 2234; x_wconf 84' lang='lat' dir='ltr'>quam</span> <span class='ocrx_word' id='word_1_178' title='bbox 1487 2181 1677 2222; x_wconf 85' lang='lat' dir='ltr'>cornicae</span> 
     </span>
     <span class='ocr_line' id='line_1_23' title="bbox 127 2251 1680 2306; baseline 0.001 -17"><span class='ocrx_word' id='word_1_179' title='bbox 127 2258 167 2290; x_wconf 86' lang='lat' dir='ltr'>et</span> <span class='ocrx_word' id='word_1_180' title='bbox 198 2251 435 2300; x_wconf 87' lang='lat' dir='ltr'>armoricae,</span> <span class='ocrx_word' id='word_1_181' title='bbox 471 2252 738 2305; x_wconf 84' lang='lat' dir='ltr'>praemittere</span> <span class='ocrx_word' id='word_1_182' title='bbox 771 2253 1021 2305; x_wconf 87' lang='lat' dir='ltr'>quibusdam</span> <span class='ocrx_word' id='word_1_183' title='bbox 1051 2252 1431 2306; x_wconf 85' lang='lat' dir='ltr'>praepositionibus</span> <span class='ocrx_word' id='word_1_184' title='bbox 1462 2266 1603 2305; x_wconf 88' lang='lat' dir='ltr'>praep.</span> <span class='ocrx_word' id='word_1_185' title='bbox 1633 2252 1680 2291; x_wconf 80' lang='grc' dir='ltr'>(ῖὶ</span> 
     </span>
     <span class='ocr_line' id='line_1_24' title="bbox 128 2321 1672 2375; baseline 0.001 -15"><span class='ocrx_word' id='word_1_186' title='bbox 128 2322 205 2373; x_wconf 70' lang='lat' dir='ltr'>(y),</span> <span class='ocrx_word' id='word_1_187' title='bbox 233 2336 338 2373; x_wconf 91' lang='lat' dir='ltr'>quae</span> <span class='ocrx_word' id='word_1_188' title='bbox 368 2321 572 2360; x_wconf 85' lang='lat' dir='ltr'>cambrice</span> <span class='ocrx_word' id='word_1_189' title='bbox 604 2323 705 2361; x_wconf 87' lang='lat' dir='ltr'>adeo</span> <span class='ocrx_word' id='word_1_190' title='bbox 737 2323 917 2375; x_wconf 88' lang='lat' dir='ltr'>amplius</span> <span class='ocrx_word' id='word_1_191' title='bbox 948 2338 1042 2361; x_wconf 89' lang='lat' dir='ltr'>cum</span> <span class='ocrx_word' id='word_1_192' title='bbox 1073 2337 1094 2361; x_wconf 92' lang='lat'><strong><em>0</em></strong></span> <span class='ocrx_word' id='word_1_193' title='bbox 1123 2321 1354 2374; x_wconf 86' lang='lat' dir='ltr'>composita</span> <span class='ocrx_word' id='word_1_194' title='bbox 1384 2329 1447 2360; x_wconf 85' lang='lat' dir='ltr'>est</span> <span class='ocrx_word' id='word_1_195' title='bbox 1469 2321 1551 2370; x_wconf 70' lang='lat' dir='ltr'>odi,</span> <span class='ocrx_word' id='word_1_196' title='bbox 1578 2323 1672 2375; x_wconf 68' lang='lat' dir='ltr'>ocly.</span> 
     </span>
     <span class='ocr_line' id='line_1_25' title="bbox 127 2389 1676 2443; baseline 0 -14"><span class='ocrx_word' id='word_1_197' title='bbox 127 2389 388 2442; x_wconf 80' lang='lat' dir='ltr'>Significatio</span> <span class='ocrx_word' id='word_1_198' title='bbox 410 2391 507 2430; x_wconf 86' lang='lat' dir='ltr'>inde</span> <span class='ocrx_word' id='word_1_199' title='bbox 528 2391 681 2431; x_wconf 85' lang='lat' dir='ltr'>mutari</span> <span class='ocrx_word' id='word_1_200' title='bbox 704 2393 808 2431; x_wconf 85' lang='lat' dir='ltr'>solet</span> <span class='ocrx_word' id='word_1_201' title='bbox 829 2392 873 2431; x_wconf 87' lang='lat' dir='ltr'>in</span> <span class='ocrx_word' id='word_1_202' title='bbox 895 2393 1170 2439; x_wconf 83' lang='lat' dir='ltr'>contrariam3</span> <span class='ocrx_word' id='word_1_203' title='bbox 1194 2391 1239 2430; x_wconf 88' lang='lat' dir='ltr'>in</span> <span class='ocrx_word' id='word_1_204' title='bbox 1262 2390 1513 2443; x_wconf 83' lang='lat' dir='ltr'>quibusdam</span> <span class='ocrx_word' id='word_1_205' title='bbox 1536 2398 1676 2430; x_wconf 89' lang='lat' dir='ltr'>tamen</span> 
     </span>
     <span class='ocr_line' id='line_1_26' title="bbox 126 2459 1675 2515; baseline 0 -17"><span class='ocrx_word' id='word_1_206' title='bbox 126 2459 187 2498; x_wconf 87' lang='lat' dir='ltr'>nil</span> <span class='ocrx_word' id='word_1_207' title='bbox 223 2469 425 2500; x_wconf 87' lang='lat' dir='ltr'>mutatur.</span> <span class='ocrx_word' id='word_1_208' title='bbox 481 2462 700 2501; x_wconf 85' lang='lat' dir='ltr'>Formulae</span> <span class='ocrx_word' id='word_1_209' title='bbox 738 2463 814 2501; x_wconf 88' lang='lat' dir='ltr'>sub</span> <span class='ocrx_word' id='word_1_210' title='bbox 851 2476 1102 2515; x_wconf 88' lang='lat' dir='ltr'>quacunque</span> <span class='ocrx_word' id='word_1_211' title='bbox 1139 2476 1282 2501; x_wconf 86' lang='lat' dir='ltr'>earum</span> <span class='ocrx_word' id='word_1_212' title='bbox 1317 2459 1675 2513; x_wconf 86' lang='lat' dir='ltr'>praepositionum</span> 
     </span>
     <span class='ocr_line' id='line_1_27' title="bbox 126 2531 369 2582; baseline 0 -13"><span class='ocrx_word' id='word_1_213' title='bbox 126 2531 369 2582; x_wconf 85' lang='lat' dir='ltr'>prodentur.</span> 
     </span>
    </p>

    <p class='ocr_par' dir='ltr' id='par_1_6' title="bbox 128 2598 1674 2724">
     <span class='ocr_line' id='line_1_28' title="bbox 246 2598 1674 2654; baseline -0.001 -17"><span class='ocrx_word' id='word_1_214' title='bbox 246 2604 280 2638; x_wconf 88' lang='lat'>1.</span> <span class='ocrx_word' id='word_1_215' title='bbox 327 2600 767 2654; x_wconf 85' lang='lat' dir='ltr'>Praepositiones</span> <span class='ocrx_word' id='word_1_216' title='bbox 807 2601 1205 2654; x_wconf 65' lang='lat' dir='ltr'>monosyllabae</span> <span class='ocrx_word' id='word_1_217' title='bbox 1244 2598 1565 2639; x_wconf 83' lang='lat' dir='ltr'>terminatae</span> <span class='ocrx_word' id='word_1_218' title='bbox 1597 2612 1674 2637; x_wconf 77' lang='lat' dir='ltr'>vo-</span> 
     </span>
     <span class='ocr_line' id='line_1_29' title="bbox 128 2668 1006 2724; baseline 0.005 -19"><span class='ocrx_word' id='word_1_219' title='bbox 128 2668 363 2709; x_wconf 84' lang='lat' dir='ltr'>calibus:</span> <span class='ocrx_word' id='word_1_220' title='bbox 390 2685 426 2718; x_wconf 91' lang='lat'>0,</span> <span class='ocrx_word' id='word_1_221' title='bbox 449 2685 544 2723; x_wconf 61' lang='lat'>9250,</span> <span class='ocrx_word' id='word_1_222' title='bbox 571 2669 618 2709; x_wconf 76' lang='lat' dir='ltr'>di</span> <span class='ocrx_word' id='word_1_223' title='bbox 639 2672 716 2724; x_wconf 75' lang='lat' dir='ltr'>(y),</span> <span class='ocrx_word' id='word_1_224' title='bbox 745 2670 827 2709; x_wconf 70' lang='lat' dir='ltr'>troi</span> <span class='ocrx_word' id='word_1_225' title='bbox 848 2672 1006 2724; x_wconf 64' lang='lat' dir='ltr'>(tracy).</span> 
     </span>
    </p>

    <p class='ocr_par' dir='ltr' id='par_1_7' title="bbox 126 2739 1675 2931">
     <span class='ocr_line' id='line_1_30' title="bbox 240 2739 1675 2790; baseline -0.001 -12"><span class='ocrx_word' id='word_1_226' title='bbox 240 2739 277 2778; x_wconf 91' lang='lat' dir='ltr'>O</span> <span class='ocrx_word' id='word_1_227' title='bbox 309 2739 491 2790; x_wconf 78' lang='lat' dir='ltr'>(hibern.</span> <span class='ocrx_word' id='word_1_228' title='bbox 525 2742 560 2788; x_wconf 87' lang='grc' dir='ltr'>ό,</span> <span class='ocrx_word' id='word_1_229' title='bbox 588 2742 659 2790; x_wconf 75' lang='grc' dir='ltr'>αα)</span> <span class='ocrx_word' id='word_1_230' title='bbox 692 2740 962 2779; x_wconf 81' lang='lat' dir='ltr'>cambrice</span> <span class='ocrx_word' id='word_1_231' title='bbox 994 2748 1080 2780; x_wconf 86' lang='lat' dir='ltr'>tam</span> <span class='ocrx_word' id='word_1_232' title='bbox 1113 2746 1209 2778; x_wconf 85' lang='lat' dir='ltr'>ante</span> <span class='ocrx_word' id='word_1_233' title='bbox 1240 2753 1457 2786; x_wconf 84' lang='lat' dir='ltr'>consonas,</span> <span class='ocrx_word' id='word_1_234' title='bbox 1493 2753 1598 2790; x_wconf 86' lang='lat' dir='ltr'>quae</span> <span class='ocrx_word' id='word_1_235' title='bbox 1630 2739 1675 2778; x_wconf 89' lang='lat' dir='ltr'>in</span> 
     </span>
     <span class='ocr_line' id='line_1_31' title="bbox 126 2808 1672 2862; baseline 0 -14"><span class='ocrx_word' id='word_1_236' title='bbox 126 2808 425 2848; x_wconf 80' lang='lat' dir='ltr'>recentioribus</span> <span class='ocrx_word' id='word_1_237' title='bbox 457 2808 573 2847; x_wconf 86' lang='lat' dir='ltr'>libris</span> <span class='ocrx_word' id='word_1_238' title='bbox 603 2808 914 2857; x_wconf 82' lang='lat' dir='ltr'>destituuntur,</span> <span class='ocrx_word' id='word_1_239' title='bbox 947 2824 1073 2862; x_wconf 86' lang='lat' dir='ltr'>quam</span> <span class='ocrx_word' id='word_1_240' title='bbox 1103 2816 1200 2848; x_wconf 83' lang='lat' dir='ltr'>ante</span> <span class='ocrx_word' id='word_1_241' title='bbox 1231 2808 1414 2855; x_wconf 82' lang='lat' dir='ltr'>vocales,</span> <span class='ocrx_word' id='word_1_242' title='bbox 1448 2823 1544 2848; x_wconf 88' lang='lat' dir='ltr'>cum</span> <span class='ocrx_word' id='word_1_243' title='bbox 1575 2809 1672 2848; x_wconf 82' lang='lat' dir='ltr'>arti-</span> 
     </span>
     <span class='ocr_line' id='line_1_32' title="bbox 127 2877 1670 2931; baseline 0.001 -14"><span class='ocrx_word' id='word_1_244' title='bbox 127 2878 220 2917; x_wconf 91' lang='lat' dir='ltr'>culo</span> <span class='ocrx_word' id='word_1_245' title='bbox 238 2878 333 2926; x_wconf 77' lang='lat' dir='ltr'>OR,</span> <span class='ocrx_word' id='word_1_246' title='bbox 355 2885 397 2917; x_wconf 88' lang='lat' dir='ltr'>et</span> <span class='ocrx_word' id='word_1_247' title='bbox 418 2886 515 2918; x_wconf 86' lang='lat' dir='ltr'>ante</span> <span class='ocrx_word' id='word_1_248' title='bbox 536 2879 783 2931; x_wconf 86' lang='lat' dir='ltr'>pronomina</span> <span class='ocrx_word' id='word_1_249' title='bbox 806 2879 1066 2918; x_wconf 90' lang='lat' dir='ltr'>solummodo</span> <span class='ocrx_word' id='word_1_250' title='bbox 1088 2892 1112 2916; x_wconf 89' lang='lat' dir='ltr'>a</span> <span class='ocrx_word' id='word_1_251' title='bbox 1133 2877 1344 2917; x_wconf 80' lang='lat' dir='ltr'>vocalibus</span> <span class='ocrx_word' id='word_1_252' title='bbox 1367 2877 1563 2917; x_wconf 86' lang='lat' dir='ltr'>inchoata</span> <span class='ocrx_word' id='word_1_253' title='bbox 1580 2879 1670 2926; x_wconf 74' lang='lat' dir='ltr'>OC,</span> 
     </span>
    </p>
   </div>
  </div>
 </body>
</html>
