1920 3220
320 179 401 218 576
650 179 727 218 IV.
755 181 792 217 2.
839 192 1208 221 PRAEFOSlTIONEs
1231 193 1519 220 HIBERNICAE.

317 291 542 342 (unquam)
564 289 620 342 fq.
648 290 812 330 bezcoat
832 292 1086 344 (nunquam)
1114 296 1206 340 160,
1235 296 1301 331 90.
1323 291 1573 345 9uitibmmn
1597 293 1758 346 (simul)
1783 299 1850 343 50,

318 361 385 397 23.
415 363 507 407 130,
535 362 572 397 6.
601 362 696 407 200,
725 363 788 398 14.

745 700 973 745 CAPUT
1019 701 1413 747 SECUNDUM.

805 833 879 878 De
904 834 1356 893 praepositionibus.

425 964 535 1004 Sunt
564 963 906 1017 praepositioneS,
931 964 1224 1016 praecedentes
1256 964 1518 1005 substantiva
1553 964 1689 1018 posita
1717 964 1762 1004 in
1788 980 1852 1005 ca-

310 1034 425 1073 sibus
462 1033 663 1086 obliquis,
704 1033 749 1072 in
795 1033 951 1086 linguis
987 1033 1143 1073 celticis
1183 1041 1257 1073 aut
1298 1035 1541 1088 propriae
1584 1042 1625 1074 et
1668 1033 1852 1087 singula-

309 1118 388 1152 res,
415 1111 488 1143 aut
518 1102 828 1142 nominales
842 1134 854 1151 ,
879 1103 945 1143 vel
975 1103 1251 1153 substantiva,
1284 1104 1355 1143 vix
1386 1104 1603 1157 adjectiva,
1630 1118 1735 1157 quae
1767 1118 1852 1143 una

308 1188 407 1212 cum
444 1172 620 1226 propriis
657 1172 1034 1226 praepositionibus
1064 1172 1317 1212 adhibentur
1350 1181 1397 1214 ut
1427 1174 1674 1227 singulares.
1719 1174 1851 1213 Casus

308 1242 481 1295 obliqui,
503 1257 604 1295 quos
625 1250 778 1295 regunt
799 1242 1001 1296 propriae,
1023 1250 1123 1281 sunt
1145 1249 1311 1282 tantum
1327 1242 1491 1282 dativus
1513 1250 1554 1282 et
1571 1242 1847 1291 accusativus,

307 1312 351 1351 in
383 1312 527 1365 lingua
557 1311 771 1351 hibernica
797 1319 960 1351 vetusta
983 1318 1094 1350 certo
1116 1311 1253 1351 adhuc
1274 1326 1354 1351 usu
1375 1311 1555 1351 discreti.
1599 1313 1638 1351 A
1658 1313 1850 1352 substan-

308 1381 403 1421 tivis
424 1381 702 1421 nominalium
723 1381 810 1434 regi
829 1381 1078 1435 genitivum,
1103 1395 1189 1420 non
1211 1388 1286 1430 est,
1312 1383 1423 1435 quod
1444 1389 1677 1422 moneatur.

560 1719 602 1763 Ι.
677 1715 1177 1775 Praepositiones
1221 1716 1588 1762 hibernicae.

648 1850 700 1888 A.
747 1846 1195 1899 Praepositiones
1232 1847 1494 1900 propriae.

416 1974 528 2013 Sunt
547 1970 857 2024 monosyllabae
879 1969 944 2009 vel
965 1969 1207 2022 bisyllabae,
1233 1984 1411 2022 quarum
1433 1986 1516 2010 una
1539 1986 1634 2025 pars
1656 1971 1762 2024 regit
1784 1986 1844 2011 se-

301 2043 468 2097 quentis
499 2040 751 2082 substantivi
781 2048 854 2079 aut
884 2039 1073 2079 dativum
1106 2046 1179 2078 aut
1208 2040 1506 2089 accusativum,
1531 2055 1605 2094 pro
1637 2041 1844 2094 significa-

301 2114 413 2153 tione
435 2127 524 2160 sua,
546 2110 702 2150 scilicet
724 2109 874 2163 quietis
895 2109 939 2148 in
961 2110 1051 2149 loco
1073 2109 1138 2148 vel
1154 2109 1351 2149 motionis
1369 2110 1412 2149 in
1430 2110 1584 2159 10011111,
1604 2125 1698 2164 pars
1716 2111 1845 2150 altera

300 2183 437 2223 solum
458 2181 661 2229 dativum,
688 2179 810 2220 tertia
834 2179 970 2219 solum
991 2178 1290 2218 accusativum.
1336 2179 1579 2219 Secundum
1601 2180 1714 2219 hunc
1735 2179 1843 2219 ordi-

299 2267 396 2292 nem
424 2257 724 2292 enumerantur
744 2249 826 2298 hic,
853 2248 1013 2288 ratione
1034 2256 1246 2301 praeterea
1267 2248 1410 2289 habita
1431 2249 1638 2289 vocalium
1658 2249 1721 2288 vel
1745 2262 1841 2288 con-

299 2336 509 2369 sonarum,
535 2335 558 2359 a
579 2321 731 2372 quibus
752 2319 1005 2358 inchoantur
1026 2317 1091 2356 vel
1111 2317 1333 2357 finiuntur.

417 2396 453 2430 1.
496 2388 937 2442 Praepositiones
969 2401 1083 2426 cum
1113 2386 1292 2427 dativo
1323 2396 1374 2427 et
1403 2387 1737 2427 accusativo:
1772 2401 1836 2435 αφ’,

297 2462 356 2511 in,
370 2461 442 2515 f0,
456 2460 552 2514 for,
578 2473 651 2498 con
674 2460 770 2510 (co),
797 2457 933 2496 imme.
979 2457 1091 2496 Usus
1121 2470 1293 2495 casuum
1322 2456 1432 2496 idem
1462 2464 1538 2506 est,
1572 2456 1643 2509 qui
1675 2456 1726 2495 inv
1748 2456 1839 2495 aliis

297 2530 476 2584 linguis,
509 2527 638 2568 dativi
677 2528 729 2566 ad
758 2526 1066 2580 designandum
1096 2532 1253 2565 statum
1284 2525 1460 2579 quietis,
1493 2525 1717 2565 accusativi
1746 2532 1840 2578 post

296 2601 421 2640 verba
441 2606 604 2638 motum
625 2595 905 2649 designantia.

411 2670 506 2717 AR,
542 2681 637 2706 cum
664 2664 981 2719 pronominibus
1014 2664 1176 2703 suffixis
1204 2665 1312 2703 AIR
1341 2665 1552 2704 interdum
1580 2665 1682 2713 ER,
1714 2672 1762 2703 ut
1793 2664 1837 2703 iu

297 2737 596 2791 compositione
617 2736 737 2784 AIR,
762 2735 855 2782 ER,
879 2735 943 2773 IR
965 2740 1004 2785 (e
1026 2740 1191 2773 vetusta
1221 2734 1352 2773 forma
1381 2735 1529 2787 gallica
1551 2749 1656 2782 are„
1679 2741 1719 2773 et
1739 2734 1836 2773 inde

296 2807 487 2846 inficiens
510 2813 728 2858 sequentes
750 2817 967 2851 consonaS,
987 2818 1029 2856 p.
1047 2808 1084 2842 6.
1105 2805 1216 2854 196),
1237 2818 1310 2856 pro
1328 2811 1504 2856 utroque
1521 2817 1619 2843 casu
1637 2818 1659 2841 a
1677 2802 1834 2855 signifi-

297 2875 457 2915 catione
475 2874 596 2913 locali
612 2874 807 2927 primaria
826 2874 917 2923 (lat.
938 2874 1007 2921 ad,
1030 2874 1157 2925 apud,
1177 2887 1308 2925 germ.
1331 2873 1406 2921 be‘e',
1428 2880 1501 2926 cm)
1519 2872 1774 2913 abstrahitur
1790 2872 1833 2911 in
