1920 3220
401 174 478 212 w.
507 176 545 212 2.
590 187 885 213 cons'rizue'rio
909 187 1090 213 romum
1122 186 1380 212 iiiizisizmeA.
1587 171 1669 209 927

119 289 120 339 Ι
146 288 261 336 pauli
301 285 312 339 ΙΙ
362 286 365 338 Ι
393 294 529 324 unctus
557 287 561 335 Ι
592 287 765 324 iohannis
797 284 808 340 ΙΙ
839 288 945 337 fides
973 285 977 339 Ι
1006 288 1166 324 abe-aelle
1203 284 1214 339 ΙΙ
1263 287 1268 335 Ι
1295 293 1448 324 scmetus
1486 286 1491 334 Ι
1517 291 1672 322 sanetus

119 353 121 400 Ι
146 361 300 392 sanetus
324 351 335 407 ΙΙ
385 352 389 406 Ι
417 355 590 392 dominus
618 356 624 404 Ι
651 356 741 391 (leus
769 356 773 404 Ι
800 356 970 392 sabaoth.

202 478 209 481 ,
232 445 432 498 Singulas
463 445 692 498 positiones
723 445 914 485 discerno
941 452 987 484 ut
1010 444 1109 484 alibi
1132 444 1299 496 singula
1320 444 1508 483 membra
1529 456 1672 482 versus

118 515 238 568 signo
262 515 273 570 ΙΙ
302 547 309 554 .
355 515 408 555 In
438 515 718 569 positionibus
751 516 901 556 collum
936 515 1132 556 semathei
1153 514 1165 570 ΙΙ
1190 529 1302 554 mens
1326 513 1534 554 beniamin
1556 526 1672 566 prae-

118 593 179 625 ter
208 585 379 625 finalem
410 600 497 624 -um
529 586 699 625 nonnisi
729 587 845 626 adest
874 586 1013 625 inedia
1039 584 1281 625 assonantia
1302 583 1508 636 incipiens
1531 583 1627 622 inde
1649 597 1673 622 a

117 656 288 695 nomine
310 655 552 704 salomonis,
585 670 690 709 quae.
713 657 858 695 eadem
880 656 1006 696 etiam
1022 655 1111 709 jam
1132 653 1345 708 praecedit
1367 653 1410 692 in
1421 654 1556 706 frons
1578 667 1672 692 nas—

117 726 241 766 sv'ecm.
288 726 448 766 Positio
466 726 584 779 fides
616 726 796 766 (thracho
826 741 899 780 per
928 740 970 766 sc.
1000 725 1225 778 singularis
1257 738 1342 763 non
1375 723 1535 762 habens
1562 735 1672 761 asso-

117 797 308 836 nantiam
341 796 552 849 superflua
582 796 714 836 videri
744 796 890 849 possit,
911 796 1109 849 jungitur
1136 803 1274 835 tamen
1297 793 1472 833 ineunte
1493 791 1626 831 vocali
1648 806 1673 831 α

118 866 301 906 nominis
330 866 487 919 proprii
519 874 559 906 et
591 875 772 907 exeunte
796 882 855 907 -es
878 866 1069 906 vocabuli
1078 866 1195 920 fides
1218 880 1313 905 cum
1336 863 1611 917 praecedente
1634 869 1675 901 et

119 943 320 990 sequente.
343 937 585 976 assonantia
606 937 760 976 initiali
782 937 990 977 vocalium
1012 944 1053 976 et
1075 936 1193 976 finali
1215 935 1284 984 -2‘5,
1311 948 1392 974 -ηε,
1410 933 1430 954 *

233 1007 491 1046 Praecedens
521 1007 697 1047 latinam
728 1007 908 1047 formula
935 1007 1099 1046 brevior
1130 1004 1345 1045 hibernica
1374 1009 1519 1043 contra
1541 1010 1675 1042 stran—

117 1076 500 1130 g111·ia111(a7fflcl(1r
518 1077 687 1132 fecail),
716 1085 763 1117 ut
793 1079 912 1117 docet
942 1076 1160 1130 inscriptio
1193 1083 1233 1115 et
1263 1073 1530 1126 subscriptio,
1564 1086 1676 1112 asso-

119 1154 268 1186 nantes
290 1147 417 1187 habet
438 1148 600 1188 vocales
622 1155 663 1188 et
685 1149 726 1188 d.

229 1229 234 1277 Ι
262 1229 515 1265 Dumesuresa
543 1231 548 1279 Ι
576 1230 779 1278 dicmyalar
798 1228 843 1280 f
860 1228 976 1265 uct'z’lse
1003 1227 1008 1276 Ι
1036 1227 1233 1264 danesaz're
1259 1227 1264 1276 Ι
1293 1230 1337 1263 έιι
1364 1223 1369 1279 Ι
1399 1229 1433 1262 ὁὶ
1459 1222 1464 1277 Ι
1492 1225 1675 1262 demesca-

119 1302 182 1333 rat
208 1293 211 1348 Ι
240 1300 321 1333 bum
349 1294 354 1349 Ι
382 1297 540 1334 ἐοῖαίίΙιῐ
566 1294 569 1349 Ι
598 1298 728 1334 (αἷηιαί
751 1298 756 1346 Ι
786 1297 933 1333 ίόίῖασΙι.

236 1385 290 1424 In
308 1384 478 1438 fica'ilse
501 1386 666 1438 (aquae,
692 1384 839 1424 urinae.
861 1386 994 1436 meae)
1006 1383 1048 1438 f
1060 1383 1230 1432 infecta,
1256 1382 1284 1422 i.
1311 1397 1347 1422 e.
1371 1396 1458 1422 non
1480 1382 1673 1435 legenda,

119 1453 300 1494 videtur.
344 1454 526 1495 Videtur
555 1455 683 1495 etiam
713 1455 937 1495 statuenda
966 1454 1134 1494 interna
1161 1452 1403 1494 assonantia
1434 1459 1529 1506 post
1559 1466 1676 1505 prae-

120 1525 206 1564 fixa
246 1525 389 1574 (Imm,
419 1526 546 1575 (leem,
581 1525 626 1565 in
659 1525 830 1565 vocibus
864 1526 961 1565 dum
990 1528 996 1577 Ι
1023 1538 1215 1573 esurcscz,
1252 1525 1337 1564 clem
1365 1525 1371 1574 Ι
1398 1522 1556 1571 esairc,
1590 1522 1676 1562 dem

125 1595 128 1647 Ι
155 1600 333 1643 θεσαναΐ,
354 1595 413 1635 ita
435 1603 482 1635 ut
504 1596 557 1636 sit
579 1595 821 1636 assonantia
842 1595 1051 1635 vocalium
1071 1609 1145 1648 per
1167 1601 1298 1634 totam
1316 1592 1569 1634 sententiam
1585 1606 1677 1645 per-

121 1678 239 1717 gens,
261 1672 300 1704 et
322 1679 489 1718 aspersa
511 1672 678 1705 tantum
699 1680 899 1705 assonans
923 1666 953 1706 cl
970 1672 1018 1705 ut
1040 1664 1287 1705 secundaria
1303 1662 1559 1711 assonantia,
1581 1676 1678 1702 cum

123 1734 178 1774 sit
199 1734 371 1774 nonnisi
392 1735 436 1775 in
459 1735 629 1790 syllabis
650 1735 861 1789 praefixis.

238 1805 405 1845 Primae
433 1812 474 1846 et
504 1813 738 1859 postremae
770 1805 1071 1846 incantationis
1099 1805 1189 1859 ipse
1219 1805 1397 1845 nucleus
1424 1818 1511 1843 non
1542 1803 1679 1842 solum

122 1875 447 1929 frequentiorem
463 1875 737 1930 incipientem
754 1876 1041 1916 assonantiam
1058 1875 1256 1925 ostendit,
1278 1876 1349 1915 sed
1372 1874 1499 1914 etiam
1515 1872 1679 1914 facilem

123 1946 416 1986 animadversu
438 1946 483 1986 in
505 1947 758 2000 quibusdam
779 1946 879 1987 locis
902 1946 1089 1986 finalem.

237 2016 457 2057 Praecedit
485 2016 531 2056 in
559 2016 694 2071 prima
716 2019 880 2069 (contra
909 2016 1095 2057 dolorem
1116 2018 1310 2057 effectum
1332 2015 1468 2070 spina,
1494 2023 1543 2054 ut
1564 2014 1678 2054 vide-

124 2094 216 2136 tur3
252 2087 360 2141 dely,
385 2087 484 2127 hod.
512 2087 651 2141 clearly)
674 2087 936 2141 prooemium
964 2087 1176 2140 quoddam
1207 2088 1320 2141 quod
1341 2085 1525 2140 pertinet
1545 2099 1678 2138 usque

124 2158 177 2197 ad
206 2172 325 2197 voces
355 2172 414 2197 cr.
441 2157 649 2206 assaolmn,
675 2172 777 2210 quas
810 2157 902 2210 lego
933 2157 1037 2198 crist
1065 2157 1297 2198 ccssccclerist
1325 2165 1366 2197 et
1393 2156 1560 2196 confero
1582 2169 1680 2195 cum

123 2228 323 2281 loquendi
352 2228 531 2267 formula
562 2230 648 2268 7720'0
678 2230 865 2267 (cssamo'o
890 2229 949 2281 (p.
978 2231 1093 2282 286).
1140 2228 1342 2281 Sequitur
1370 2227 1568 2279 deinceps
1591 2240 1680 2266 ora-

125 2298 269 2338 culum
290 2297 454 2351 ipsum:

235 2380 240 2429 Ι
269 2380 466 2428 diust-art
491 2376 494 2432 Ι
524 2380 600 2416 dim
627 2380 785 2431 widely
815 2377 818 2431 Ι
847 2381 929 2429 dely
958 2380 963 2430 Ι
992 2380 1193 2428 diuscoilt
1215 2375 1226 2431 ΙΙ
1276 2379 1280 2429 Ι
1308 2381 1374 2415 ενιέ.
1402 2378 1489 2415 ce'z'tz'
1510 2374 1522 2431 ΙΙ
1549 2376 1679 2429 {meina

130 2445 132 2497 Ι
152 2448 296 2484 φηέῑήηἰ
318 2444 329 2500 ΙΙ
368 2485 369 2499 Ι
392 2448 433 2483 ὂέ
454 2444 513 2484 dil
537 2447 631 2484 heim
660 2448 764 2484 22<ch
785 2444 796 2500 ΙΙ
821 2449 959 2485 (lodatlc
982 2450 984 2499 Ι
1004 2461 1119 2485 seenn
1153 2453 1186 2484 to
1203 2451 1306 2496 lscen
1329 2447 1455 2496 todaiy
1480 2443 1492 2498 ΙΙ
1516 2446 1678 2494 roſjmy

117 2518 190 2564 fiss
217 2515 222 2564 Ι
246 2516 413 2564 [sov'bnen
435 2515 523 2552 aircl
548 2512 551 2567 Ι
577 2515 774 2564 9οίὂῐιεῃ11
800 2517 955 2553 7·ση(”ιι’)·(ἷ
979 2517 984 2566 Ι
1008 2516 1203 2565 yoz'bnenn
1225 2515 1303 2551 θείη
1331 2511 1334 2566 Ι
1360 2515 1447 2563 96ίῆ
1471 2528 1542 2550 (133.

219 2668 233 2683 *
260 2668 372 2712 Supra
390 2669 577 2702 formulam
597 2669 685 2703 hanc
703 2669 851 2704 latinam
869 2671 1088 2715 conspicitur
1106 2671 1289 2704 literarum
1306 2669 1401 2702 linea
1417 2668 1565 2713 mystica
1580 2679 1681 2712 quasi

130 2724 335 2768 capitalium
368 2725 559 2759 latinarum
593 2738 673 2759 cum
709 2727 880 2761 immixtis
920 2727 1054 2771 graecis
1080 2739 1150 2760 una
1178 2738 1259 2760 cum
1284 2726 1396 2759 forma
1424 2724 1680 2769 grammaticali

129 2791 265 2819 graeca,
281 2787 320 2813 ut
333 2781 489 2815 videtur:
512 2783 1112 2818 PCHNITQJCAMUMNYBVC.
1131 2782 1546 2817 KNAATYONIBVC.
1566 2781 1680 2814 Finit.

129 2837 196 2870 Per
214 2837 242 2869 P
260 2836 295 2869 iu
321 2837 465 2870 dextera
483 2838 607 2882 eapitis
634 2844 734 2883 parte
750 2839 882 2873 lineola
900 2840 1007 2873 ducta
1026 2844 1097 2879 est3
1119 2840 1200 2883 lego
1218 2839 1320 2872 iude:
1343 2839 1594 2883 prechm'tosan
1612 2850 1682 2871 om-

130 2893 240 2935 nyshns
258 2893 526 2937 knaatyam'bus,
546 2895 569 2928 i.
590 2907 620 2928 e.
642 2895 846 2939 praedicent
863 2896 1028 2929 omuibus
1047 2895 1265 2929 nationibus.
