1920 3220
419 181 498 221 VI.
527 183 564 219 2.
611 191 905 219 coxsrnncrlo
931 192 1111 219 1‘0121‘1‘1cA
1135 191 1395 219 unnznxlc-x.
1605 179 1685 216 917

136 295 206 333 scd
235 293 391 333 accedit
424 293 553 331 forma
585 306 786 331 assonans
819 293 963 331 codem
994 293 1131 340 modo,
1159 299 1206 330 111
1233 290 1493 331 monosticha
1516 290 1682 329 Colum-

134 363 232 403 bani
263 362 445 402 Hiberni
474 377 571 401 mox
604 362 864 415 proferenda,
900 361 1142 401 hexametro
1177 362 1309 401 latino
1340 359 1588 414 composita,
1623 374 1684 398 as-

134 433 325 474 sonantia
349 432 474 472 etiam
496 439 662 472 vetusta
683 431 897 470 hibernica
919 431 1068 472 induta
1090 439 1204 471 sunt.
1243 432 1367 472 solvo
1385 431 1453 470 hic
1471 430 1685 483 stropham

134 510 314 557 quatuor
343 502 551 542 linearum
583 502 814 542 secundum
847 501 1112 542 hibernicum
1139 502 1424 542 collocationis
1446 502 1619 540 modum
1642 500 1684 539 in

133 589 274 614 versus
297 574 477 613 duorum
498 573 796 619 membrorum,
819 586 996 624 quorum
1019 573 1194 625 quodvis
1217 580 1279 612 051
1299 580 1391 612 octo
1409 571 1681 625 syllabarum,

132 645 251 693 duos,
285 652 326 684 et
355 644 476 696 signo
507 642 793 683 assonantiam
825 642 990 681 lineolis
1023 642 1067 682 in
1097 643 1233 691 initio,
1270 642 1400 682 literis
1433 641 1607 681 cursivis
1642 641 1684 680 in

131 715 230 763 fine,
257 729 292 753 c.
318 729 380 767 gr.
406 714 451 753 in
473 712 641 752 exordio
664 712 811 766 hymni
832 720 1086 766 martyrum:

333 798 503 832 Aeterna
527 795 672 831 Christi
700 792 703 845 1
731 808 891 831 munera
915 791 926 847 11
951 801 989 832 01
1017 792 1019 847 1
1048 803 1255 844 martyrum
1277 795 1466 839 victorias,

361 864 509 899 Laudes
531 863 691 899 ferentes
713 864 874 905 debitas,
904 860 916 915 11
943 865 946 911 1
967 864 1078 900 laetis
1101 876 1280 900 canamus
1303 863 1507 898 mentibus.

334 931 335 966 ἶ
362 931 623 967 Εο0105131·11111
645 931 843 979 principes,
874 927 886 982 11
909 931 1000 967 belli
1022 932 1269 979 triumphales
1291 931 1414 973 duces,

329 999 519 1036 Coelestis
548 995 551 1049 1
579 999 688 1034 aulae
718 996 719 1049 1
748 999 896 1039 milites,
926 995 937 1050 11
962 1007 1000 1035 et
1021 1013 1109 1035 vera
1137 996 1140 1050 1
1169 1000 1302 1034 1111111(11
1324 998 1483 1036 lumina.

334 1069 493 1103 Terrore
516 1067 615 1102 victo
643 1066 648 1114 1
677 1067 819 1102 53001111
844 1063 855 1117 11
905 1063 908 1117 1
938 1067 1153 1114 spretisque
1175 1066 1310 1115 poenis
1332 1066 1500 1114 corporis

331 1135 467 1172 Mortis
496 1131 498 1185 1
528 1147 655 1170 sacrae
678 1135 905 1182 compendio
930 1131 941 1185 11
966 1135 1082 1170 vitam
1103 1135 1255 1170 beatam
1277 1134 1493 1182 possident.

243 1210 428 1250 Nonnisi
464 1209 751 1263 monosyllaba
788 1209 1029 1250 assonantia
1066 1210 1219 1258 finalis,
1256 1224 1386 1262 eaque
1422 1209 1606 1248 lateralis
1644 1217 1683 1247 ct

128 1281 314 1334 dispersa
344 1287 524 1328 tantum,
552 1279 620 1319 vix
652 1279 949 1333 contraposita,
975 1280 1131 1333 legitur
1162 1280 1206 1320 111
1239 1280 1316 1319 hoc
1338 1279 1496 1333 hymno
1519 1281 1683 1330 (octavo

128 1350 322 1391 editionis
347 1351 504 1390 chcd.
529 1353 566 1398 2,
591 1365 634 1403 p.
662 1353 801 1402 1222),
829 1351 900 1389 sed
917 1350 1006 1404 jam
1026 1350 1232 1405 bisyllaba
1254 1350 1378 1390 ctiam
1402 1349 1445 1389 in
1470 1349 1683 1402 sequentis

128 1422 229 1462 noni
250 1421 439 1462 exordio:

242 1491 244 1531 ¹:
273 1496 415 1530 Somno
437 1494 589 1529 refectis
612 1493 768 1529 artubus
791 1489 803 1545 11
854 1500 982 1541 spreto
1005 1494 1121 1529 cubili
1149 1492 1153 1540 1
1182 1493 1384 1541 surgimus,

241 1561 378 1600 Nobis,
412 1558 416 1611 1
442 1566 563 1609 pater,
592 1561 814 1597 canentibus
839 1558 850 1612 11
875 1563 1009 1597 adesse
1032 1566 1068 1597 te
1091 1560 1370 1610 deposcimus.

273 1630 328 1664 Te
349 1628 481 1675 lingua
502 1628 667 1676 primum
690 1629 878 1669 concinat,
909 1626 919 1679 11
968 1628 973 1675 1
1002 1635 1038 1665 10
1059 1630 1200 1665 mentis
1229 1628 1233 1680 1
1261 1630 1372 1665 ardor
1399 1630 1403 1679 1
1431 1631 1586 1674 ambiat,

245 1698 299 1732 Ut
319 1700 475 1732 actuum
503 1692 505 1746 1
535 1695 779 1742 sequentium
803 1693 814 1748 11
840 1703 894 1739 tu,
928 1696 932 1744 1
961 1701 1104 1737 sancte.
1135 1697 1186 1733 sis
1210 1697 1422 1734 exordium.

129 1822 171 1854 In
189 1820 352 1865 ampliori
371 1820 515 1854 distichi
534 1820 588 1853 vel
607 1820 759 1853 duorum
772 1821 1061 1855 hexametrorum
1075 1822 1211 1856 ambitu
1227 1824 1431 1857 assonantia
1446 1824 1593 1857 initialis
1608 1825 1685 1869 qui-

130 1878 209 1911 dem
236 1878 294 1910 vix
319 1889 390 1911 non
417 1877 528 1917 adest,
558 1889 637 1910 cum
663 1877 691 1910 si
717 1889 789 1911 non
814 1878 946 1911 adsunt
975 1878 1045 1911 duo
1067 1878 1122 1912 vel
1140 1879 1208 1912 tria
1226 1880 1399 1913 voeabula
1417 1881 1623 1925 incipientia
1641 1882 1684 1914 ab

129 1934 251 1967 eadem
277 1945 443 1975 consona,
465 1934 588 1967 adesse
614 1939 731 1967 tamen
758 1934 896 1978 possint
921 1934 1070 1967 totidem
1089 1946 1109 1967 a
1128 1935 1311 1969 vocalibus
1330 1936 1556 1978 inchoantia;
1578 1950 1685 1983 quae-

125 1991 217 2024 ritur
243 1996 374 2031 tamen,
396 2001 516 2023 nonne
534 1989 669 2023 classici
688 1992 814 2034 poe'tae
831 1990 933 2023 latini
951 1991 1143 2032 interdum,
1165 1992 1266 2037 gnari
1284 1998 1482 2027 structurae
1501 1994 1597 2028 illius
1616 1995 1684 2029 cel—

126 2047 229 2089 ticae,
251 2048 414 2081 consulto
433 2059 509 2081 eam
527 2047 751 2092 frequentius
769 2047 965 2091 posuerint,
987 2060 1017 2081 e.
1039 2060 1092 2093 gr.
1114 2049 1266 2083 Ovidius
1285 2050 1320 2083 in
1339 2052 1462 2084 Amor.
1487 2053 1516 2091 1,
1535 2054 1566 2084 5.
1589 2054 1618 2085 1.
1639 2054 1656 2085 2
1674 2067 1681 2086 :

345 2105 479 2138 Aestus
498 2109 583 2144 erat,
609 2104 613 2148 Ι
635 2103 860 2148 mediamque
879 2104 954 2138 dies
972 2110 1141 2149 exegerat
1158 2106 1294 2148 horam,

402 2161 566 2206 Apposui
587 2163 592 2203 j
613 2160 731 2194 medio
754 2162 758 2203 1
780 2161 937 2195 membra
954 2162 1106 2196 levanda
1123 2168 1214 2197 toro,

219 2219 266 2251 Et
284 2218 416 2251 ibidem
435 2220 467 2250 9.
491 2219 550 2251 10:

345 2274 438 2308 Ecce
459 2274 628 2319 {Corinna
648 2274 758 2315 venit,
778 2275 901 2309 tunica
917 2276 1033 2310 velata
1049 2276 1241 2321 1010111013,

401 2328 406 2372 1
429 2331 590 2365 Candida
607 2331 754 2365 dividua
775 2334 779 2373 1
801 2332 893 2366 00113
910 2338 1054 2378 tegente
1077 2338 1080 2376 1
1104 2345 1216 2368 coma.

215 2387 280 2421 Vel
297 2388 465 2422 Lucanus
483 2388 519 2421 in
537 2388 684 2421 exordio
701 2388 926 2425 Pharsaliae:

345 2444 445 2478 Bella
463 2456 526 2489 per
543 2445 730 2479 Emathios
748 2446 828 2490 plus
847 2458 953 2491 quam
975 2449 979 2487 1
1002 2447 1119 2481 civilia
1141 2447 1145 2491 1
1169 2460 1311 2494 campos

341 2502 478 2546 Jusque
497 2502 620 2535 datum
639 2503 764 2536 sceleri
785 2504 790 2546 1
812 2503 984 2544 canimus,
1010 2505 1014 2546 1
1037 2505 1283 2550 populumque
1305 2507 1309 2549 1
1332 2513 1515 2551 potentem

344 2559 386 2592 In
405 2570 468 2592 sua
490 2560 494 2600 Ι
516 2559 653 2592 victrici
671 2559 907 2604 conlversum
929 2568 932 2597 1
955 2561 1090 2595 viscera
1108 2562 1245 2602 dextra,

343 2614 595 2660 Cognatasque
613 2616 717 2657 acies,
739 2622 775 2650 et
796 2618 799 2661 1
821 2623 927 2662 rupto
946 2617 1089 2652 foedere
1111 2628 1114 2657 1
1137 2619 1238 2664 regni

347 2705 349 2712 ,
367 2672 549 2705 Certatum
568 2673 653 2706 totis
675 2675 680 2715 1
702 2674 783 2719 00111
797 2675 891 2709 cussi
908 2674 1045 2708 viribus
1063 2675 1159 2709 orbis

343 2727 387 2760 In
409 2730 414 2770 1
437 2739 624 2763 commune
641 2730 752 2771 nefas,
773 2731 984 2776 infestisque
1003 2731 1109 2765 obvia
1130 2734 1134 2776 1
1157 2733 1269 2777 signis

348 2814 351 2823 ,
375 2784 496 2828 Signa,
518 2796 619 2829 pares
638 2787 774 2832 aquilas
793 2792 828 2821 01
849 2788 853 2831 1
876 2788 948 2833 pila
964 2788 1139 2822 minantia
1160 2790 1164 2832 1
1187 2789 1280 2834 pilis.

124 2840 323 2873 Exordium
351 2845 386 2873 et
410 2840 515 2874 finem
541 2843 705 2876 carminis
723 2846 850 2888 po'etae
869 2849 940 2878 tam
959 2845 1132 2879 hibernici
1152 2858 1257 2891 quam
1276 2848 1443 2882 cambra-i
1463 2850 1593 2883 vetusti
1612 2862 1682 2884 ma-

125 2896 179 2940 gis
198 2909 368 2931 exornare
387 2903 518 2931 amant.
