1920 3220
237 169 318 208 936
518 169 598 209 VI.
625 173 662 208 2.
709 182 1005 210 CONSTRthrlo
1027 183 1209 210 ΡΟΕΤΙΟΑ
1232 183 1494 211 HIBERNICA.

239 285 448 333 Cingulum
466 284 654 333 serpentis
672 284 869 333 cingulum
885 298 1027 330 meum,
1049 299 1206 334 serpens
1219 286 1435 330 circumest,
1452 298 1500 321 ne
1513 299 1572 322 me
1586 287 1788 323 vulnerent

586 353 668 397 viri,
691 366 739 389 ne
758 366 819 389 me
840 354 1003 402 perdant
1023 354 1216 398 mulieres,
1245 354 1292 389 ad
1314 353 1444 390 stellas
1466 366 1526 389 me
1550 355 1782 399 sublimavit,

585 424 764 469 potenter
785 421 1001 458 circumest.

238 486 347 523 Illico
377 499 487 524 meus
515 501 582 524 rex
613 489 728 525 etiam
759 502 804 525 ea
832 489 995 525 abscidit
1025 501 1114 533 rex,
1149 489 1189 524 in
1220 488 1390 536 profanis
1416 488 1510 524 locis
1533 488 1786 524 suffodiebam

585 558 774 593 mundum
794 569 936 592 meum.

238 622 484 659 Mucholmoc
514 638 575 662 me
606 625 716 661 duxit
743 625 790 660 ad
820 623 1121 668 meditationem,
1146 624 1193 659 ad
1225 623 1446 668 scientiam,
1478 623 1563 659 ideo
1594 637 1655 659 me
1677 625 1787 660 duxit

585 692 676 740 quia
696 697 754 728 est
775 693 927 728 firmum
949 691 1146 739 cingulum
1165 681 1340 726 meum.”

352 802 464 843 Sunt
499 818 642 844 versus
680 810 861 857 septem,
897 802 1031 856 quivis
1063 803 1243 842 duorum
1272 803 1576 852 membrorum,
1612 812 1786 857 excepto

236 872 400 926 quinto,
422 874 493 926 qui
516 873 594 913 tria
615 875 801 913 membra
821 873 1022 913 continet.
1058 874 1271 913 Numerus
1295 873 1549 926 syllabarum
1571 880 1706 913 certus
1725 883 1788 914 est

236 943 408 984 nonnisi
438 943 483 982 in
514 944 649 997 primo
676 959 799 984 versu
828 951 869 983 et
898 943 1063 992 ultimo,
1089 943 1133 982 in
1163 943 1314 996 quibus
1344 943 1519 996 quodvis
1550 945 1785 984 membrum

236 1021 380 1054 exacte
410 1029 485 1068 per
514 1014 734 1054 duodecim
762 1014 942 1068 syllabas
965 1014 1162 1054 decurrit.
1207 1015 1419 1054 Versuum
1442 1013 1785 1054 intermediorum

236 1085 424 1124 membra
446 1092 588 1125 autem
609 1085 773 1125 variant
793 1099 968 1124 numero
990 1084 1099 1124 inter
1119 1091 1211 1124 octo
1234 1091 1275 1124 et
1296 1085 1530 1125 duodecim.

348 1156 606 1196 Assonantia
629 1155 768 1196 finalis
790 1162 853 1195 est
874 1155 1162 1208 monosyllaba
1179 1155 1474 1208 contraposita,
1496 1156 1620 1209 plena
1636 1156 1680 1195 in
1697 1171 1785 1196 om-

235 1225 376 1275 nibus,
403 1233 577 1280 excepto
607 1225 743 1279 primo
773 1240 910 1274 versu,
937 1225 1009 1265 ubi
1038 1232 1101 1265 est
1130 1225 1304 1265 dimidia
1333 1225 1377 1265 in
1406 1225 1633 1266 imacudirt
1659 1234 1700 1266 et
1722 1227 1784 1267 itc-

236 1296 385 1337 tudith.

348 1366 501 1407 Line—as
524 1367 806 1407 discernentes
828 1368 1014 1407 membra
1036 1374 1076 1407 et
1093 1367 1326 1408 indicantes
1343 1368 1628 1408 assonantiam
1646 1368 1785 1409 initia-

233 1438 317 1477 lem
338 1437 473 1486 omisi,
495 1452 548 1477 ne
569 1437 700 1477 nimia
721 1437 995 1478 multitudine
1018 1439 1244 1491 deturpent
1263 1438 1520 1492 poematium
1539 1438 1781 1477 formosum.

235 1508 313 1548 Est
343 1508 457 1548 enim
480 1507 606 1547 etiam
626 1507 781 1547 initiali
803 1507 1044 1548 assonantia
1064 1522 1141 1548 nec
1161 1523 1248 1547 11011
1271 1508 1517 1548 intermedia
1538 1509 1643 1548 bene
1665 1522 1784 1547 orna-

236 1588 339 1618 tum.
384 1578 568 1618 Initialis
600 1578 882 1631 contraposita
911 1578 1074 1618 obtinet
1103 1578 1148 1617 111
1180 1579 1364 1618 secundo
1384 1593 1507 1618 versu
1528 1578 1572 1617 in
1600 1578 1604 1633 l
1634 1578 1721 1618 lciin
1744 1586 1785 1619 et

236 1648 240 1703 Ι
267 1648 433 1697 Zurech,
469 1649 706 1688 consociata
736 1648 781 1687 in
820 1648 1095 1701 sequentibus
1125 1648 1169 1688 111
1196 1652 1201 1701 Ι
1230 1648 1482 1703 ὒαφιῄιζόθΐῖι,
1513 1651 1519 1699 l
1534 1648 1780 1703 feoyalfer,

233 1719 490 1774 narassmz'llet
516 1723 521 1771 Ι
548 1720 670 1768 muci,
713 1719 890 1773 rossmo'rcc
922 1718 1114 1773 fostunffi:
1181 1719 1349 1759 Primus
1387 1727 1529 1759 autem
1564 1734 1705 1759 versus
1744 1727 1785 1759 et

233 1790 316 1829 duo
346 1789 487 1830 ultimi
519 1804 770 1843 quacunque
801 1789 1042 1830 assonantia
1071 1790 1154 1829 fere
1185 1790 1400 1829 cumulata
1427 1789 1589 1837 nitent;
1624 1789 1783 1842 primus

232 1860 383 1900 ludens
410 1859 597 1913 liquidis,
621 1867 813 1912 repetens
836 1874 875 1899 m
898 1874 995 1898 cum
1017 1860 1228 1899 vocalibus
1252 1860 1511 1900 variantibus
1533 1860 1577 1899 in
1599 1859 1720 1899 initio
1744 1867 1785 1899 et

232 1929 370 1969 medio
392 1929 437 1969 in
458 1929 629 1969 vocibus
650 1929 957 1982 dumimdeyail
973 1930 974 1983 1
995 1929 1123 1970 imum
1145 1931 1147 1983 ζ
1168 1930 1407 1978 ίφηαοῑιάίνί,
1429 1930 1779 1978 waramz‘az'rtloea,

232 1999 449 2049 tzfflcellas,
471 2009 512 2039 et
534 1999 794 2053 subjungens
816 1999 1100 2039 assonantiam
1117 1999 1300 2052 liquidae
1317 2015 1342 2040 φῖ
1362 1999 1405 2039 in
1413 1999 1606 2053 finndz‘n,
1630 1999 1778 2048 iamet,

232 2069 430 2110 itztzca'z'tle.
475 2070 744 2110 Penultimus
776 2084 918 2109 versus
941 2077 1103 2122 praeter
1125 2077 1271 2123 quater
1291 2069 1565 2123 incipientem
1575 2070 1632 2123 fo
1655 2069 1782 2109 etiam

230 2139 438 2187 initialem
467 2140 752 2181 assonantiam
783 2154 1062 2180 consonarum
1092 2140 1113 2179 b
1142 2146 1183 2180 et
1212 2154 1234 2179 r
1262 2141 1540 2182 alternantem
1570 2154 1654 2180 una
1686 2155 1782 2180 cum

231 2334 353 2367 Moch.
373 2335 467 2368 Boll.
488 2336 596 2369 Mart.
617 2339 649 2377 2,
666 2338 743 2377 282,
766 2347 921 2381 compos.
941 2338 1222 2370 ’νηο-οῘιοεήι-ηιοσ
1242 2337 1348 2381 (mags,
1370 2348 1451 2381 gen.
1471 2348 1583 2380 vchc,
1606 2336 1720 2380 puer),
1743 2342 1782 2368 ut

230 2390 376 2424 nomina
386 2392 608 2433 Moehumbe,
624 2393 783 2436 Ilsofeeta
801 2393 836 2426 in
856 2393 978 2426 eadem
993 2393 1073 2426 Vita
1091 2405 1125 2438 p.
1138 2395 1215 2426 287.
1247 2394 1434 2427 Columnas
1449 2393 1536 2426 ibid.
1550 2404 1584 2437 p.
1600 2394 1666 2426 286
1685 2392 1781 2425 vide-

229 2452 289 2480 tur
306 2447 400 2481 idem
419 2449 514 2493 quod
530 2450 764 2483 Columbamcs
779 2449 836 2494 (cf.
851 2451 973 2491 colam,
989 2462 1023 2494 p.
1041 2450 1119 2494 752)
1135 2465 1141 2489 ;
1159 2454 1212 2483 est
1223 2454 1342 2483 tamen
1355 2450 1459 2483 etiam
1471 2450 1541 2494 adj.
1556 2449 1623 2481 edil
1634 2448 1777 2492 (tenuis,

230 2516 366 2546 macer3
388 2516 423 2549 p.
443 2506 514 2550 41),
537 2507 633 2550 quod
657 2506 809 2551 supponi
834 2506 948 2550 possit
976 2506 1111 2539 nomini
1128 2507 1362 2540 Muclzolmoe.
1383 2506 1659 2546 ναηιοῆαναεΐαν,
1681 2510 1781 2538 vetu-

229 2562 317 2595 stius
343 2562 629 2603 romehuirestar,
650 2567 762 2607 praet.
783 2562 880 2596 verbi
906 2563 1051 2604 ezcz'rz'zcr,
1073 2575 1091 2597 e
1118 2575 1188 2608 quo
1217 2574 1331 2607 comp.
1352 2562 1530 2595 docuirim·
1551 2561 1612 2606 (gl.
1633 2562 1776 2603 ascisco,

228 2630 263 2662 p.
277 2619 370 2663 844),
391 2618 623 2661 doczcz'rethar‚
644 2619 946 2652 doroelmirsemar
965 2619 1154 2664 (adsciscit,
1171 2619 1396 2661 adscivimus,
1413 2631 1447 2663 p.
1460 2621 1539 2651 445.
1556 2619 1649 2663 448).
1679 2618 1780 2651 Corn-

228 2675 424 2719 parandum
448 2680 502 2709 est
526 2676 618 2720 gael.
647 2676 761 2709 subst.
782 2688 852 2717 car,
884 2688 965 2720 gen.
994 2676 1080 2717 cuir,
1109 2676 1304 2716 conversio,
1333 2675 1428 2708 unde
1456 2675 1597 2708 denom.
1626 2675 1777 2716 caraz'eh,

228 2736 382 2773 vertere,
410 2744 564 2766 movere.
585 2733 719 2777 fe'yctd,
747 2733 849 2766 visio.
881 2733 992 2774 αἰναί,
1020 2737 1091 2766 vet.
1120 2733 1200 2774 (ciri,
1227 2732 1320 2766 ideo.
1355 2732 1443 2772 tend,
1470 2732 1554 2765 hod.
1584 2732 1657 2765 hib.
1685 2732 1777 2776 gael.

231 2792 344 2829 femen,
366 2788 498 2829 firmus,
520 2794 648 2829 arctus,
668 2793 805 2822 mutare
830 2789 866 2822 in
893 2789 973 2830 and,
995 2789 1056 2830 ibi,
1078 2789 1114 2822 in
1140 2801 1180 2822 ea
1199 2789 1248 2834 (in
1274 2789 1506 2822 meditatione
1531 2793 1566 2822 et
1591 2788 1776 2833 sapientia,

229 2849 282 2877 est
300 2845 483 2889 cingulum
501 2846 632 2890 meum)
652 2858 723 2879 non
741 2846 867 2886 audeo,
883 2846 966 2891 quia
983 2846 1076 2879 clara
1093 2850 1147 2879 est
1165 2845 1225 2879 illa
1241 2846 1385 2891 scriptio
1400 2846 1436 2879 in
1451 2845 1668 2892 apographo,
1682 2845 1779 2878 haud

229 2901 337 2933 dubie
356 2901 462 2934 etiam
481 2902 516 2935 in
536 2902 670 2935 codice.
