1920 3220
260 171 341 211 862
542 172 596 211 V.
624 174 662 210 2.
706 183 967 211 COMPos1T1o
989 183 1260 212 BRITANNICA
1283 184 1518 211 NOMINUM.

259 285 403 324 eadem
434 297 515 324 vox
544 297 641 323 cum
670 297 819 323 armor.
854 283 953 324 fem.
987 289 1053 324 tra
1085 283 1211 336 (res),
1244 283 1472 337 quaeritur.
1517 285 1647 324 Porro
1674 284 1806 325 MAN

259 353 527 407 congreditur
557 367 654 392 cum
684 353 959 394 substantivis
989 361 1031 394 et
1057 353 1271 408 adjectivis
1295 368 1342 394 eo
1364 354 1448 394 fere
1469 355 1607 403 modo,
1632 360 1681 394 ut
1703 354 1803 403 -eid,

260 425 342 473 -lz't,
367 424 412 463 in
439 423 683 464 nominibus
713 423 930 464 cambricis
959 424 1144 464 virorum
1167 426 1226 477 (p.
1255 427 1368 476 792),
1394 438 1472 464 nec
1500 438 1587 464 non
1609 424 1654 464 in
1675 424 1808 464 nomi-

259 494 385 534 nibus
418 493 560 533 avium
592 493 867 547 quibusdam,
900 494 945 534 in
977 494 1129 548 quibus
1159 494 1363 548 adjectivo
1392 508 1491 534 man
1521 496 1711 548 (parvus)
1743 494 1809 534 vel

261 565 341 604 ban
364 564 512 616 (altus)
534 578 621 603 non
654 565 853 604 concedet
881 565 1022 604 locum
1053 563 1226 617 aliquis:
1261 564 1423 618 tylluan
1445 564 1599 617 (ulula)
1623 565 1739 604 Mab.
1768 568 1806 613 3,

262 637 358 683 214,
388 634 545 688 yolucm
568 635 761 687 (passer),
788 634 991 674 ber-thuan
1014 636 1170 687 (parra)
1193 634 1369 682 Vocab.,
1395 633 1439 673 in
1471 648 1649 687 quorum
1675 634 1810 688 priore

260 705 349 744 loco
379 704 498 744 facile
529 703 836 757 dignoscuntur
864 705 1017 744 cambr.
1051 705 1184 744 subst.
1212 704 1299 744 twll
1319 704 1570 757 (spelunca),
1597 704 1679 758 adj.
1700 704 1814 758 ιᾳαωῖ

262 776 454 828 (purus),
490 774 605 814 berth,
631 774 859 827 (pulcher).
904 775 1158 827 Congruunt
1185 775 1291 814 bene
1319 788 1414 813 cum
1447 774 1512 814 his
1542 774 1715 814 nomina
1744 789 1810 814 ve-

261 853 388 894 tusta,
410 844 562 898 quibus
580 843 680 883 item
697 843 902 897 adjectiva
918 845 1114 893 subsunt,
1130 843 1378 892 Cenomani,
1394 843 1598 884 Germani
1616 846 1675 897 (p.
1695 848 1809 897 735),

261 923 302 955 et
331 915 536 967 quaedam
562 913 671 953 inter
701 913 875 954 nomina
903 914 1087 954 virorum
1119 913 1338 962 cambrica,
1363 920 1412 953 ut
1437 914 1602 954 Tectum
1624 914 1740 954 Mab.
1768 917 1808 962 2,

264 989 341 1024 203
367 999 418 1024 cx
440 984 522 1037 adj.
551 990 610 1024 tec
632 984 889 1037 (formosus).

378 1059 416 1094 2.
453 1055 813 1095 Substantiva
843 1068 957 1094 cum
987 1053 1293 1108 adjectivis.
1336 1054 1447 1095 Sunt
1467 1068 1553 1094 non
1574 1053 1812 1106 infrequen-

263 1125 321 1166 tia
348 1124 555 1166 cambrica
587 1124 645 1164 ita
675 1124 919 1178 composita.
963 1124 1207 1165 Vetustiora
1238 1139 1259 1164 e
1288 1124 1437 1177 glossis
1461 1124 1627 1165 Oxon.:
1665 1125 1812 1165 broma-

264 1195 397 1236 brev‘tlc
428 1198 611 1249 (pectore
638 1194 918 1248 variegatus),
945 1194 1240 1247 bleuportlzetic
1262 1195 1337 1248 (gl.
1364 1194 1558 1248 laniger).
1603 1196 1638 1235 E
1668 1196 1809 1235 Mab.:

264 1267 490 1321 bronnwyn
513 1267 711 1319 (pectore,
730 1271 875 1305 ventre
896 1265 1031 1314 albus,
1053 1265 1186 1317 canis)
1210 1270 1246 1314 l,
1269 1270 1364 1305 274.
1390 1265 1535 1305 marola
1556 1265 1815 1320 mynyqrycle,

265 1340 415 1390 (equus
441 1336 546 1390 juba
577 1336 755 1389 crispus)
782 1340 818 1384 1,
848 1338 915 1375 26.
937 1350 1068 1389 ymas,
1090 1350 1182 1389 ρων
1192 1336 1412 1390 penyryclc
1435 1338 1570 1389 (puer,
1597 1336 1658 1375 vir
1680 1335 1815 1389 capite

266 1408 461 1460 crispus),
489 1420 675 1461 morutyn
699 1404 929 1459 bemzqreclc
952 1406 1111 1458 (puella
1132 1406 1311 1446 caesarie
1332 1406 1484 1460 crispa)
1506 1411 1542 1455 1,
1566 1410 1604 1446 3.
1630 1411 1694 1446 14.
1718 1409 1814 1445 281.

271 1481 366 1517 282.
400 1475 637 1517 marchawc
650 1477 872 1528 pendrwm
896 1477 1039 1528 (eques
1058 1476 1193 1529 capite
1213 1476 1367 1529 gravis,
1393 1475 1528 1530 capite
1550 1476 1748 1529 demisso)
1773 1480 1811 1525 2,

267 1552 333 1586 37.
359 1546 504 1586 march
518 1546 761 1599 pemzuclzel
780 1547 930 1598 (equus
952 1545 1087 1599 capite
1109 1546 1287 1599 elevato)
1312 1549 1351 1595 2,
1379 1550 1474 1586 388.
1499 1546 1814 1601 leyntffrwytlc-

266 1618 375 1657 lame
401 1617 611 1671 ficimus-r
642 1614 726 1667 (via
757 1614 973 1655 fructuum
1001 1615 1128 1668 plena
1157 1615 1355 1669 gloriosa)
1380 1619 1419 1665 2,
1447 1620 1514 1656 26.
1550 1616 1696 1656 march
1719 1616 1815 1656 clot-

265 1701 383 1728 uawr
406 1689 557 1740 (equus
579 1700 758 1739 magnae
779 1685 953 1739 gloriae)
979 1688 1017 1734 2,
1045 1690 1140 1725 240.

380 1762 418 1797 3.
464 1756 829 1797 Substantiva
869 1770 984 1795 cum
1014 1755 1207 1796 verbis.
1252 1756 1458 1810 Exempla
1479 1757 1704 1797 cambrica:
1731 1762 1816 1797 etn—

265 1827 472 1868 coillzaam
492 1827 567 1880 (gl.
589 1827 641 1866 ab
662 1825 818 1879 aspicio
835 1840 1018 1879 auspex,
1039 1847 1096 1859 Ξ
1112 1826 1324 1880 avispicio,
1346 1833 1450 1876 eten,
1471 1827 1577 1879 avis)
1594 1827 1652 1880 gl.
1674 1827 1813 1867 Oxou.

254 1896 613 1952 'ffi'wywylymleess
628 1895 942 1950 υῄῑῗνῑεμηρί’,ῑμηιι
966 1896 1100 1949 (frena
1121 1898 1310 1950 nodare),
1322 1897 1707 1952 ffi-wynylymawd
1727 1899 1817 1949 (no-

265 1967 397 2019 davit)
421 1967 537 2006 Mab.
566 1970 604 2015 2,
634 1970 700 2005 38.
729 1970 795 2005 39.
823 1970 890 2005 41.

381 2043 420 2077 4.
454 2036 734 2090 Adjectiva
764 2051 878 2075 cum
909 2036 1280 2077 substantivis.
1311 2037 1422 2078 Sunt
1438 2037 1674 2091 frequentia
1690 2036 1816 2090 hujus

267 2106 579 2163 compositionis
602 2106 793 2160 exempla
813 2106 1063 2156 britannica,
1085 2114 1133 2147 ut
1154 2107 1383 2148 hibernica.
1420 2107 1642 2148 Sufficient
1659 2107 1814 2160 aliqua.

380 2180 430 2219 E.
455 2193 517 2232 gr.
553 2177 759 2217 cambrica
788 2176 992 2230 adjectiva
1020 2177 1175 2217 colores
1205 2177 1436 2217 indicantia
1465 2192 1562 2217 cum
1590 2176 1818 2218 substanti-

267 2250 349 2289 vis:
379 2249 587 2303 quenfrut
616 2248 761 2299 (albus
793 2247 955 2300 amnis)
978 2247 1072 2287 Lib.
1111 2248 1247 2287 Land.
1277 2252 1370 2287 148.
1405 2248 1602 2301 rudpull,
1631 2247 1823 2302 ylaspull

268 2320 425 2367 (rubra,
450 2319 601 2372 glauca
621 2318 748 2371 fossa)
772 2317 866 2358 Lib.
894 2318 1029 2357 Land.
1060 2322 1125 2357 74.
1156 2322 1249 2358 148.

381 2388 601 2442 Adjectiva
629 2388 707 2430 hen
732 2391 894 2442 (senex,
918 2389 1150 2441 vetustus),
1177 2403 1267 2429 cam
1290 2390 1479 2441 (curvus)
1502 2396 1580 2428 etc.
1607 2401 1702 2427 cum
1724 2387 1818 2426 sub-

269 2458 485 2501 stantivis:
521 2458 677 2500 hendat
699 2459 773 2512 (gl.
800 2460 946 2512 avus),
981 2458 1174 2499 hemmam
1197 2459 1272 2512 (gl.
1298 2459 1408 2512 avia)
1430 2459 1475 2498 in
1499 2457 1648 2511 glossis
1675 2457 1814 2497 Oxon.

270 2532 305 2571 E
327 2530 431 2570 libro
449 2530 638 2569 Landav.
658 2545 666 2569 :
692 2529 862 2569 lcenm'it
880 2533 946 2568 70.
971 2528 1152 2569 laendreb
1174 2533 1240 2568 71.
1265 2528 1410 2569 henalt
1427 2533 1493 2568 75.
1519 2527 1704 2581 hen-ford
1723 2530 1815 2565 146.

269 2601 491 2653 leemzpont,
512 2599 695 2653 henpont
714 2602 807 2638 199.
842 2599 878 2638 Ε
902 2599 1017 2638 Mab.
1037 2613 1044 2638 :
1068 2598 1248 2652 lzenllys,
1267 2598 1491 2638 hemaeuacl
1505 2599 1690 2650 (vetusta
1706 2597 1818 2648 aula)

272 2675 310 2719 2,
341 2674 405 2709 13.
434 2674 472 2719 3,
500 2673 595 2709 372.
630 2669 823 2717 henwisc,
859 2668 1068 2708 hemlillat
1088 2668 1232 2719 (vestis
1266 2668 1468 2720 obsoleta)
1496 2672 1532 2716 1,
1560 2671 1655 2706 250.
1684 2670 1723 2715 2,
1750 2669 1815 2704 24.

270 2740 492 2781 heum-rach
524 2739 685 2792 (vetula
712 2738 880 2791 mulier)
906 2740 944 2786 2,
973 2742 1066 2778 199.
1112 2740 1263 2779 Porro:
1298 2739 1501 2779 camdubr
1523 2739 1666 2791 (curva
1695 2746 1819 2789 aqua)

270 2811 374 2850 (lod.
400 2810 607 2850 Lichfeld.
641 2808 830 2863 camfrut
858 2810 1027 2859 (curvus
1058 2808 1247 2862 fluvius),
1273 2808 1475 2863 camyuili
1494 2810 1663 2861 (curvus
1685 2806 1819 2857 vicus)

271 2880 365 2919 Lib.
392 2881 527 2920 Land.
559 2884 650 2920 133.
