<?xml version="1.0" encoding="UTF-8"?>
<!DOCTYPE html PUBLIC "-//W3C//DTD XHTML 1.0 Transitional//EN"
    "http://www.w3.org/TR/xhtml1/DTD/xhtml1-transitional.dtd">
<html xmlns="http://www.w3.org/1999/xhtml" xml:lang="en" lang="en">
 <head>
  <title>
</title>
<meta http-equiv="Content-Type" content="text/html;charset=utf-8" />
  <meta name='ocr-system' content='tesseract 3.04.00' />
  <meta name='ocr-capabilities' content='ocr_page ocr_carea ocr_par ocr_line ocrx_word'/>
</head>
<body>
  <div class='ocr_page' id='page_1' title='image "./grammaticaceltic02zeus_0400.png"; bbox 0 0 1920 3220; ppageno 0'>
   <div class='ocr_carea' id='block_1_1' title="bbox 243 156 1516 198">
    <p class='ocr_par' dir='ltr' id='par_1_1' title="bbox 243 156 1516 198">
     <span class='ocr_line' id='line_1_1' title="bbox 243 156 1516 198; baseline 0.003 -4"><span class='ocrx_word' id='word_1_1' title='bbox 243 156 325 194; x_wconf 79' lang='lat'>950</span> <span class='ocrx_word' id='word_1_2' title='bbox 514 157 592 195; x_wconf 90' lang='lat' dir='ltr'>VI.</span> <span class='ocrx_word' id='word_1_3' title='bbox 621 160 659 195; x_wconf 85' lang='lat'>2.</span> <span class='ocrx_word' id='word_1_4' title='bbox 706 170 1002 197; x_wconf 77' lang='lat' dir='ltr'>coNSTRUCTIO</span> <span class='ocrx_word' id='word_1_5' title='bbox 1026 171 1207 198; x_wconf 82' lang='lat' dir='ltr'>POETICA</span> <span class='ocrx_word' id='word_1_6' title='bbox 1231 172 1516 198; x_wconf 73' lang='lat' dir='ltr'>BRITANNICA.</span> 
     </span>
    </p>
   </div>
   <div class='ocr_carea' id='block_1_2' title="bbox 248 268 1805 949">
    <p class='ocr_par' dir='ltr' id='par_1_2' title="bbox 248 268 1801 738">
     <span class='ocr_line' id='line_1_2' title="bbox 249 268 1794 323; baseline 0.001 -17"><span class='ocrx_word' id='word_1_7' title='bbox 249 268 359 320; x_wconf 88' lang='lat' dir='ltr'>quod</span> <span class='ocrx_word' id='word_1_8' title='bbox 399 268 508 308; x_wconf 85' lang='lat' dir='ltr'>inter</span> <span class='ocrx_word' id='word_1_9' title='bbox 537 268 766 308; x_wconf 84' lang='lat' dir='ltr'>vetustiora</span> <span class='ocrx_word' id='word_1_10' title='bbox 796 268 931 321; x_wconf 88' lang='lat' dir='ltr'>primo</span> <span class='ocrx_word' id='word_1_11' title='bbox 962 270 1052 309; x_wconf 85' lang='lat' dir='ltr'>loco</span> <span class='ocrx_word' id='word_1_12' title='bbox 1079 270 1250 323; x_wconf 87' lang='lat' dir='ltr'>ponitur</span> <span class='ocrx_word' id='word_1_13' title='bbox 1281 271 1464 323; x_wconf 74' lang='lat' dir='ltr'>(Myvyr.</span> <span class='ocrx_word' id='word_1_14' title='bbox 1498 270 1625 309; x_wconf 89' lang='lat' dir='ltr'>Arch.</span> <span class='ocrx_word' id='word_1_15' title='bbox 1663 275 1708 318; x_wconf 87' lang='lat'>1,</span> <span class='ocrx_word' id='word_1_16' title='bbox 1738 272 1794 322; x_wconf 77' lang='lat'>1),</span> 
     </span>
     <span class='ocr_line' id='line_1_3' title="bbox 248 336 1797 393; baseline 0.002 -17"><span class='ocrx_word' id='word_1_17' title='bbox 248 336 430 390; x_wconf 83' lang='lat' dir='ltr'>exempli</span> <span class='ocrx_word' id='word_1_18' title='bbox 452 344 537 377; x_wconf 85' lang='lat' dir='ltr'>tam</span> <span class='ocrx_word' id='word_1_19' title='bbox 558 337 797 378; x_wconf 79' lang='lat' dir='ltr'><strong>vetustioris</strong></span> <span class='ocrx_word' id='word_1_20' title='bbox 820 353 946 391; x_wconf 87' lang='lat' dir='ltr'>quam</span> <span class='ocrx_word' id='word_1_21' title='bbox 968 339 1180 393; x_wconf 86' lang='lat' dir='ltr'>amplioris</span> <span class='ocrx_word' id='word_1_22' title='bbox 1203 354 1327 380; x_wconf 86' lang='lat' dir='ltr'>causa</span> <span class='ocrx_word' id='word_1_23' title='bbox 1347 339 1539 392; x_wconf 83' lang='lat' dir='ltr'><strong>inprimis</strong></span> <span class='ocrx_word' id='word_1_24' title='bbox 1557 339 1625 379; x_wconf 92' lang='lat' dir='ltr'>hic</span> <span class='ocrx_word' id='word_1_25' title='bbox 1641 354 1797 379; x_wconf 91' lang='lat' dir='ltr'>memo-</span> 
     </span>
     <span class='ocr_line' id='line_1_4' title="bbox 250 407 1798 459; baseline 0.001 -13"><span class='ocrx_word' id='word_1_26' title='bbox 250 408 430 447; x_wconf 86' lang='lat' dir='ltr'>randum</span> <span class='ocrx_word' id='word_1_27' title='bbox 459 414 536 455; x_wconf 89' lang='lat' dir='ltr'>est,</span> <span class='ocrx_word' id='word_1_28' title='bbox 563 407 753 459; x_wconf 87' lang='lat' dir='ltr'>quamvis</span> <span class='ocrx_word' id='word_1_29' title='bbox 779 407 864 448; x_wconf 86' lang='lat' dir='ltr'>sint</span> <span class='ocrx_word' id='word_1_30' title='bbox 886 409 1026 449; x_wconf 81' lang='lat' dir='ltr'>onmia</span> <span class='ocrx_word' id='word_1_31' title='bbox 1047 409 1149 449; x_wconf 84' lang='lat' dir='ltr'>haec</span> <span class='ocrx_word' id='word_1_32' title='bbox 1170 416 1351 458; x_wconf 86' lang='lat' dir='ltr'>vetusta,</span> <span class='ocrx_word' id='word_1_33' title='bbox 1377 424 1462 449; x_wconf 91' lang='lat' dir='ltr'>non</span> <span class='ocrx_word' id='word_1_34' title='bbox 1486 416 1647 450; x_wconf 81' lang='lat' dir='ltr'>servata</span> <span class='ocrx_word' id='word_1_35' title='bbox 1668 409 1712 448; x_wconf 90' lang='lat' dir='ltr'>in</span> <span class='ocrx_word' id='word_1_36' title='bbox 1734 423 1798 449; x_wconf 85' lang='lat' dir='ltr'>co-</span> 
     </span>
     <span class='ocr_line' id='line_1_5' title="bbox 252 476 1799 532; baseline 0.002 -17"><span class='ocrx_word' id='word_1_37' title='bbox 252 476 414 516; x_wconf 84' lang='lat' dir='ltr'>dicibus</span> <span class='ocrx_word' id='word_1_38' title='bbox 437 476 694 529; x_wconf 77' lang='lat' dir='ltr'>aequalibus,</span> <span class='ocrx_word' id='word_1_39' title='bbox 717 477 761 516; x_wconf 90' lang='lat' dir='ltr'>in</span> <span class='ocrx_word' id='word_1_40' title='bbox 783 479 1056 518; x_wconf 74' lang='lat' dir='ltr'>recentiorem</span> <span class='ocrx_word' id='word_1_41' title='bbox 1073 479 1411 532; x_wconf 80' lang='lat' dir='ltr'>orthographiam</span> <span class='ocrx_word' id='word_1_42' title='bbox 1432 478 1716 532; x_wconf 70' lang='lat' dir='ltr'>transscripta,</span> <span class='ocrx_word' id='word_1_43' title='bbox 1737 478 1799 518; x_wconf 88' lang='lat' dir='ltr'>in-</span> 
     </span>
     <span class='ocr_line' id='line_1_6' title="bbox 252 546 1800 602; baseline 0.001 -16"><span class='ocrx_word' id='word_1_44' title='bbox 252 547 416 586; x_wconf 86' lang='lat' dir='ltr'>terdum</span> <span class='ocrx_word' id='word_1_45' title='bbox 442 546 556 585; x_wconf 87' lang='lat' dir='ltr'>haud</span> <span class='ocrx_word' id='word_1_46' title='bbox 577 546 702 585; x_wconf 88' lang='lat' dir='ltr'>dubie</span> <span class='ocrx_word' id='word_1_47' title='bbox 723 561 747 586; x_wconf 91' lang='lat' dir='ltr'>a</span> <span class='ocrx_word' id='word_1_48' title='bbox 768 548 1084 597; x_wconf 86' lang='lat' dir='ltr'>recentioribus,</span> <span class='ocrx_word' id='word_1_49' title='bbox 1109 549 1339 588; x_wconf 83' lang='lat' dir='ltr'>vetustiora</span> <span class='ocrx_word' id='word_1_50' title='bbox 1359 563 1445 587; x_wconf 90' lang='lat' dir='ltr'>non</span> <span class='ocrx_word' id='word_1_51' title='bbox 1466 548 1800 602; x_wconf 72' lang='lat' dir='ltr'>intelligentibus</span> 
     </span>
     <span class='ocr_line' id='line_1_7' title="bbox 252 615 1801 666; baseline 0.002 -11"><span class='ocrx_word' id='word_1_52' title='bbox 252 623 308 663; x_wconf 89' lang='lat' dir='ltr'>et,</span> <span class='ocrx_word' id='word_1_53' title='bbox 332 624 380 654; x_wconf 84' lang='lat' dir='ltr'>ut</span> <span class='ocrx_word' id='word_1_54' title='bbox 410 617 473 664; x_wconf 79' lang='lat' dir='ltr'>fit,</span> <span class='ocrx_word' id='word_1_55' title='bbox 499 615 544 654; x_wconf 90' lang='lat' dir='ltr'>in</span> <span class='ocrx_word' id='word_1_56' title='bbox 572 616 765 656; x_wconf 85' lang='lat' dir='ltr'>habitum</span> <span class='ocrx_word' id='word_1_57' title='bbox 796 617 1068 657; x_wconf 73' lang='lat' dir='ltr'>recentiorem</span> <span class='ocrx_word' id='word_1_58' title='bbox 1097 617 1506 666; x_wconf 76' lang='lat' dir='ltr'>transformantibus,</span> <span class='ocrx_word' id='word_1_59' title='bbox 1532 619 1705 658; x_wconf 81' lang='lat' dir='ltr'>alterata</span> <span class='ocrx_word' id='word_1_60' title='bbox 1736 618 1801 657; x_wconf 85' lang='lat' dir='ltr'>vel</span> 
     </span>
     <span class='ocr_line' id='line_1_8' title="bbox 253 686 518 738; baseline 0.004 -13"><span class='ocrx_word' id='word_1_61' title='bbox 253 686 518 738; x_wconf 78' lang='lat' dir='ltr'>interpolata.</span> 
     </span>
    </p>

    <p class='ocr_par' dir='ltr' id='par_1_3' title="bbox 252 756 1805 949">
     <span class='ocr_line' id='line_1_9' title="bbox 368 756 1803 810; baseline 0.001 -14"><span class='ocrx_word' id='word_1_62' title='bbox 368 756 559 796; x_wconf 86' lang='lat' dir='ltr'>Primum</span> <span class='ocrx_word' id='word_1_63' title='bbox 589 756 714 796; x_wconf 84' lang='lat' dir='ltr'>offero</span> <span class='ocrx_word' id='word_1_64' title='bbox 743 756 898 810; x_wconf 87' lang='lat' dir='ltr'>primos</span> <span class='ocrx_word' id='word_1_65' title='bbox 920 756 1117 796; x_wconf 72' lang='lat' dir='ltr'>carminis</span> <span class='ocrx_word' id='word_1_66' title='bbox 1139 771 1295 804; x_wconf 66' lang='grc' dir='ltr'>νοτεῃε,</span> <span class='ocrx_word' id='word_1_67' title='bbox 1322 771 1424 810; x_wconf 85' lang='lat' dir='ltr'>quos</span> <span class='ocrx_word' id='word_1_68' title='bbox 1447 758 1498 797; x_wconf 88' lang='lat' dir='ltr'>ob</span> <span class='ocrx_word' id='word_1_69' title='bbox 1519 757 1803 797; x_wconf 82' lang='lat' dir='ltr'>assonantiam</span> 
     </span>
     <span class='ocr_line' id='line_1_10' title="bbox 254 825 1803 880; baseline 0.001 -15"><span class='ocrx_word' id='word_1_70' title='bbox 254 826 474 874; x_wconf 86' lang='lat' dir='ltr'>initialem,</span> <span class='ocrx_word' id='word_1_71' title='bbox 510 840 616 878; x_wconf 84' lang='lat' dir='ltr'>quae</span> <span class='ocrx_word' id='word_1_72' title='bbox 645 825 857 865; x_wconf 87' lang='lat' dir='ltr'>interdum</span> <span class='ocrx_word' id='word_1_73' title='bbox 890 826 1059 879; x_wconf 85' lang='lat' dir='ltr'>quidem</span> <span class='ocrx_word' id='word_1_74' title='bbox 1093 833 1155 866; x_wconf 85' lang='lat' dir='ltr'>est</span> <span class='ocrx_word' id='word_1_75' title='bbox 1183 826 1433 874; x_wconf 83' lang='lat' dir='ltr'>consociata,</span> <span class='ocrx_word' id='word_1_76' title='bbox 1468 827 1633 880; x_wconf 83' lang='lat' dir='ltr'>saepius</span> <span class='ocrx_word' id='word_1_77' title='bbox 1664 835 1803 868; x_wconf 86' lang='lat' dir='ltr'>tamen</span> 
     </span>
     <span class='ocr_line' id='line_1_11' title="bbox 252 895 1805 949; baseline 0.001 -13"><span class='ocrx_word' id='word_1_78' title='bbox 252 911 325 949; x_wconf 86' lang='lat' dir='ltr'>per</span> <span class='ocrx_word' id='word_1_79' title='bbox 367 897 449 936; x_wconf 90' lang='lat' dir='ltr'>duo</span> <span class='ocrx_word' id='word_1_80' title='bbox 487 895 674 934; x_wconf 87' lang='lat' dir='ltr'>membra</span> <span class='ocrx_word' id='word_1_81' title='bbox 711 896 1016 949; x_wconf 82' lang='lat' dir='ltr'>contraposita,</span> <span class='ocrx_word' id='word_1_82' title='bbox 1052 903 1093 935; x_wconf 91' lang='lat' dir='ltr'>et</span> <span class='ocrx_word' id='word_1_83' title='bbox 1132 895 1229 948; x_wconf 85' lang='lat' dir='ltr'>quia</span> <span class='ocrx_word' id='word_1_84' title='bbox 1259 896 1368 936; x_wconf 85' lang='lat' dir='ltr'>binis</span> <span class='ocrx_word' id='word_1_85' title='bbox 1404 897 1627 946; x_wconf 84' lang='lat' dir='ltr'>membris,</span> <span class='ocrx_word' id='word_1_86' title='bbox 1661 897 1704 937; x_wconf 89' lang='lat' dir='ltr'>id</span> <span class='ocrx_word' id='word_1_87' title='bbox 1743 904 1805 936; x_wconf 80' lang='lat' dir='ltr'>est</span> 
     </span>
    </p>
   </div>
   <div class='ocr_carea' id='block_1_3' title="bbox 386 988 531 992">
    <p class='ocr_par' dir='ltr' id='par_1_4' title="bbox 386 988 531 992">
     <span class='ocr_line' id='line_1_12' title="bbox 386 988 531 992; baseline 0 0"><span class='ocrx_word' id='word_1_88' title='bbox 386 988 531 992; x_wconf 95' lang='lat' dir='ltr'> </span> 
     </span>
    </p>
   </div>
   <div class='ocr_carea' id='block_1_4' title="bbox 254 1023 1816 2361">
    <p class='ocr_par' dir='ltr' id='par_1_5' title="bbox 254 1023 1806 1338">
     <span class='ocr_line' id='line_1_13' title="bbox 258 1023 1806 1066; baseline 0.001 -10"><span class='ocrx_word' id='word_1_89' title='bbox 258 1023 493 1063; x_wconf 79' lang='lat' dir='ltr'>Brittanniae,</span> <span class='ocrx_word' id='word_1_90' title='bbox 516 1023 553 1056; x_wconf 90' lang='lat' dir='ltr'>id</span> <span class='ocrx_word' id='word_1_91' title='bbox 579 1027 644 1063; x_wconf 82' lang='lat' dir='ltr'>est,</span> <span class='ocrx_word' id='word_1_92' title='bbox 666 1023 791 1056; x_wconf 86' lang='lat' dir='ltr'>Umbri</span> <span class='ocrx_word' id='word_1_93' title='bbox 816 1023 934 1063; x_wconf 81' lang='lat' dir='ltr'>maris,</span> <span class='ocrx_word' id='word_1_94' title='bbox 956 1027 989 1056; x_wconf 84' lang='lat' dir='ltr'>et</span> <span class='ocrx_word' id='word_1_95' title='bbox 1007 1024 1170 1066; x_wconf 75' lang='lat' dir='ltr'>regnavit</span> <span class='ocrx_word' id='word_1_96' title='bbox 1187 1024 1288 1058; x_wconf 84' lang='lat' dir='ltr'>annis</span> <span class='ocrx_word' id='word_1_97' title='bbox 1307 1024 1494 1058; x_wconf 86' lang='lat' dir='ltr'>duodecim</span> <span class='ocrx_word' id='word_1_98' title='bbox 1513 1029 1548 1058; x_wconf 89' lang='lat' dir='ltr'>et</span> <span class='ocrx_word' id='word_1_99' title='bbox 1565 1024 1697 1057; x_wconf 83' lang='lat' dir='ltr'>struxit</span> <span class='ocrx_word' id='word_1_100' title='bbox 1713 1023 1806 1057; x_wconf 71' lang='lat' dir='ltr'>Din-</span> 
     </span>
     <span class='ocr_line' id='line_1_14' title="bbox 254 1079 1805 1125; baseline 0.001 -13"><span class='ocrx_word' id='word_1_101' title='bbox 254 1079 383 1124; x_wconf 70' lang='lat' dir='ltr'>(Juaroz&#39;</span> <span class='ocrx_word' id='word_1_102' title='bbox 403 1079 718 1113; x_wconf 72' lang='lat' dir='ltr'>Gaarthbernez&#39;ch.</span> <span class='ocrx_word' id='word_1_103' title='bbox 746 1079 845 1112; x_wconf 90' lang='lat' dir='ltr'>Tunc</span> <span class='ocrx_word' id='word_1_104' title='bbox 864 1079 1036 1123; x_wconf 65' lang='lat' dir='ltr'>Dectz&#39;gsirn</span> <span class='ocrx_word' id='word_1_105' title='bbox 1056 1079 1092 1112; x_wconf 90' lang='lat' dir='ltr'>in</span> <span class='ocrx_word' id='word_1_106' title='bbox 1110 1080 1172 1113; x_wconf 87' lang='lat' dir='ltr'>illo</span> <span class='ocrx_word' id='word_1_107' title='bbox 1191 1085 1348 1125; x_wconf 88' lang='lat' dir='ltr'>tempore</span> <span class='ocrx_word' id='word_1_108' title='bbox 1366 1080 1506 1114; x_wconf 87' lang='lat' dir='ltr'>fortiter</span> <span class='ocrx_word' id='word_1_109' title='bbox 1520 1081 1709 1114; x_wconf 82' lang='lat' dir='ltr'>dimicabat</span> <span class='ocrx_word' id='word_1_110' title='bbox 1724 1092 1805 1113; x_wconf 89' lang='lat' dir='ltr'>con-</span> 
     </span>
     <span class='ocr_line' id='line_1_15' title="bbox 255 1135 1804 1181; baseline 0.001 -13"><span class='ocrx_word' id='word_1_111' title='bbox 255 1142 306 1169; x_wconf 81' lang='lat' dir='ltr'>tra</span> <span class='ocrx_word' id='word_1_112' title='bbox 328 1142 471 1181; x_wconf 82' lang='lat' dir='ltr'>gentem</span> <span class='ocrx_word' id='word_1_113' title='bbox 489 1135 703 1180; x_wconf 82' lang='lat' dir='ltr'>Anglorum.</span> <span class='ocrx_word' id='word_1_114' title='bbox 739 1136 766 1168; x_wconf 84' lang='lat' dir='ltr'>T</span> <span class='ocrx_word' id='word_1_115' title='bbox 779 1147 836 1168; x_wconf 90' lang='lat' dir='ltr'>un</span> <span class='ocrx_word' id='word_1_116' title='bbox 849 1147 865 1168; x_wconf 93' lang='lat' dir='ltr'>c</span> <span class='ocrx_word' id='word_1_117' title='bbox 890 1135 1113 1169; x_wconf 85' lang='lat' dir='ltr'>Talhaern</span> <span class='ocrx_word' id='word_1_118' title='bbox 1140 1136 1251 1169; x_wconf 84' lang='lat' dir='ltr'>Cata</span> <span class='ocrx_word' id='word_1_119' title='bbox 1263 1147 1318 1180; x_wconf 84' lang='lat' dir='ltr'>gu</span> <span class='ocrx_word' id='word_1_120' title='bbox 1330 1148 1382 1169; x_wconf 91' lang='lat' dir='ltr'>en</span> <span class='ocrx_word' id='word_1_121' title='bbox 1416 1137 1458 1169; x_wconf 91' lang='lat' dir='ltr'>in</span> <span class='ocrx_word' id='word_1_122' title='bbox 1483 1148 1538 1181; x_wconf 86' lang='lat' dir='ltr'>po</span> <span class='ocrx_word' id='word_1_123' title='bbox 1551 1140 1612 1170; x_wconf 69' lang='lat' dir='ltr'>em</span> <span class='ocrx_word' id='word_1_124' title='bbox 1624 1148 1641 1170; x_wconf 86' lang='lat' dir='ltr'>a</span> <span class='ocrx_word' id='word_1_125' title='bbox 1653 1141 1696 1170; x_wconf 91' lang='lat' dir='ltr'>te</span> <span class='ocrx_word' id='word_1_126' title='bbox 1721 1137 1804 1170; x_wconf 85' lang='lat' dir='ltr'>ela-</span> 
     </span>
     <span class='ocr_line' id='line_1_16' title="bbox 256 1191 1799 1236; baseline 0.001 -11"><span class='ocrx_word' id='word_1_127' title='bbox 256 1192 353 1225; x_wconf 90' lang='lat' dir='ltr'>ruit</span> <span class='ocrx_word' id='word_1_128' title='bbox 386 1197 429 1226; x_wconf 87' lang='lat' dir='ltr'>et</span> <span class='ocrx_word' id='word_1_129' title='bbox 460 1192 622 1226; x_wconf 84' lang='lat' dir='ltr'>Neirin</span> <span class='ocrx_word' id='word_1_130' title='bbox 655 1191 901 1236; x_wconf 75' lang='lat' dir='ltr'>[Aneurin]</span> <span class='ocrx_word' id='word_1_131' title='bbox 926 1196 971 1225; x_wconf 89' lang='lat' dir='ltr'>et</span> <span class='ocrx_word' id='word_1_132' title='bbox 994 1191 1232 1225; x_wconf 76' lang='lat' dir='ltr'>&#39;l’aliessin</span> <span class='ocrx_word' id='word_1_133' title='bbox 1266 1197 1313 1225; x_wconf 90' lang='lat' dir='ltr'>et</span> <span class='ocrx_word' id='word_1_134' title='bbox 1338 1193 1573 1226; x_wconf 81' lang='lat' dir='ltr'>Bluchbar</span> <span class='ocrx_word' id='word_1_135' title='bbox 1605 1199 1644 1226; x_wconf 89' lang='lat' dir='ltr'>et</span> <span class='ocrx_word' id='word_1_136' title='bbox 1672 1193 1799 1233; x_wconf 75' lang='lat' dir='ltr'>Cian,</span> 
     </span>
     <span class='ocr_line' id='line_1_17' title="bbox 257 1247 1806 1294; baseline 0.001 -13"><span class='ocrx_word' id='word_1_137' title='bbox 257 1248 333 1293; x_wconf 87' lang='lat' dir='ltr'>qui</span> <span class='ocrx_word' id='word_1_138' title='bbox 358 1254 551 1282; x_wconf 75' lang='lat' dir='ltr'>vocatur</span> <span class='ocrx_word' id='word_1_139' title='bbox 577 1248 788 1282; x_wconf 88' lang='lat' dir='ltr'>Guenith</span> <span class='ocrx_word' id='word_1_140' title='bbox 815 1247 984 1288; x_wconf 78' lang='lat' dir='ltr'>Guaut‚</span> <span class='ocrx_word' id='word_1_141' title='bbox 1013 1248 1147 1282; x_wconf 80' lang='lat' dir='ltr'>simul</span> <span class='ocrx_word' id='word_1_142' title='bbox 1179 1260 1266 1282; x_wconf 91' lang='lat' dir='ltr'>uno</span> <span class='ocrx_word' id='word_1_143' title='bbox 1292 1253 1495 1294; x_wconf 87' lang='lat' dir='ltr'>tempore</span> <span class='ocrx_word' id='word_1_144' title='bbox 1520 1249 1565 1282; x_wconf 91' lang='lat' dir='ltr'>in</span> <span class='ocrx_word' id='word_1_145' title='bbox 1590 1252 1806 1294; x_wconf 72' lang='lat' dir='ltr'>poemate</span> 
     </span>
     <span class='ocr_line' id='line_1_18' title="bbox 256 1301 867 1338; baseline -0.002 -1"><span class='ocrx_word' id='word_1_146' title='bbox 256 1304 529 1338; x_wconf 84' lang='lat' dir='ltr'>britannico</span> <span class='ocrx_word' id='word_1_147' title='bbox 556 1301 867 1338; x_wconf 80' lang='lat' dir='ltr'>claruerunt.”</span> 
     </span>
    </p>

    <p class='ocr_par' dir='ltr' id='par_1_6' title="bbox 256 1359 1816 2248">
     <span class='ocr_line' id='line_1_19' title="bbox 349 1359 1805 1405; baseline 0.001 -12"><span class='ocrx_word' id='word_1_148' title='bbox 349 1361 435 1394; x_wconf 83' lang='lat' dir='ltr'>Idae</span> <span class='ocrx_word' id='word_1_149' title='bbox 462 1361 566 1405; x_wconf 90' lang='lat' dir='ltr'>primi</span> <span class='ocrx_word' id='word_1_150' title='bbox 582 1360 617 1394; x_wconf 87' lang='lat' dir='ltr'>N</span> <span class='ocrx_word' id='word_1_151' title='bbox 620 1360 871 1394; x_wconf 86' lang='lat' dir='ltr'>ordhumbriae</span> <span class='ocrx_word' id='word_1_152' title='bbox 896 1359 989 1404; x_wconf 86' lang='lat' dir='ltr'>regis</span> <span class='ocrx_word' id='word_1_153' title='bbox 1015 1360 1156 1393; x_wconf 88' lang='lat' dir='ltr'>initium</span> <span class='ocrx_word' id='word_1_154' title='bbox 1183 1360 1219 1392; x_wconf 90' lang='lat' dir='ltr'>in</span> <span class='ocrx_word' id='word_1_155' title='bbox 1238 1360 1413 1394; x_wconf 88' lang='lat' dir='ltr'>Chronico</span> <span class='ocrx_word' id='word_1_156' title='bbox 1439 1361 1607 1394; x_wconf 86' lang='lat' dir='ltr'>saxonico</span> <span class='ocrx_word' id='word_1_157' title='bbox 1626 1361 1671 1394; x_wconf 89' lang='lat' dir='ltr'>ad</span> <span class='ocrx_word' id='word_1_158' title='bbox 1687 1372 1719 1394; x_wconf 84' lang='lat' dir='ltr'>a.</span> <span class='ocrx_word' id='word_1_159' title='bbox 1742 1364 1805 1394; x_wconf 71' lang='lat'>547</span> 
     </span>
     <span class='ocr_line' id='line_1_20' title="bbox 259 1415 1809 1462; baseline -0.001 -12"><span class='ocrx_word' id='word_1_160' title='bbox 259 1415 416 1450; x_wconf 80' lang='lat' dir='ltr'>nota&#39;tur.</span> <span class='ocrx_word' id='word_1_161' title='bbox 444 1416 619 1461; x_wconf 69' lang='lat' dir='ltr'>Dulz&#39;yz&#39;rn</span> <span class='ocrx_word' id='word_1_162' title='bbox 641 1416 755 1461; x_wconf 82' lang='lat' dir='ltr'>(niger</span> <span class='ocrx_word' id='word_1_163' title='bbox 781 1416 960 1461; x_wconf 88' lang='lat' dir='ltr'>domiuus)</span> <span class='ocrx_word' id='word_1_164' title='bbox 981 1427 1111 1449; x_wconf 88' lang='lat' dir='ltr'>nomen</span> <span class='ocrx_word' id='word_1_165' title='bbox 1138 1427 1213 1449; x_wconf 90' lang='lat' dir='ltr'>esse</span> <span class='ocrx_word' id='word_1_166' title='bbox 1238 1417 1384 1461; x_wconf 83' lang='lat' dir='ltr'>vulgare</span> <span class='ocrx_word' id='word_1_167' title='bbox 1403 1418 1561 1462; x_wconf 82' lang='lat' dir='ltr'>ejusdem</span> <span class='ocrx_word' id='word_1_168' title='bbox 1579 1416 1686 1460; x_wconf 84' lang='lat' dir='ltr'>regis,</span> <span class='ocrx_word' id='word_1_169' title='bbox 1708 1417 1809 1460; x_wconf 87' lang='lat' dir='ltr'>cujus</span> 
     </span>
     <span class='ocr_line' id='line_1_21' title="bbox 257 1472 1810 1518; baseline -0.001 -12"><span class='ocrx_word' id='word_1_170' title='bbox 257 1473 440 1517; x_wconf 85' lang='lat' dir='ltr'>proprium</span> <span class='ocrx_word' id='word_1_171' title='bbox 459 1478 533 1506; x_wconf 88' lang='lat' dir='ltr'>erat</span> <span class='ocrx_word' id='word_1_172' title='bbox 555 1473 740 1513; x_wconf 68' lang='lat' dir='ltr'>Gaot&#39;oclin,</span> <span class='ocrx_word' id='word_1_173' title='bbox 762 1472 1024 1517; x_wconf 85' lang='lat' dir='ltr'>conjiciendum</span> <span class='ocrx_word' id='word_1_174' title='bbox 1043 1478 1107 1505; x_wconf 88' lang='lat' dir='ltr'>est.</span> <span class='ocrx_word' id='word_1_175' title='bbox 1143 1473 1186 1505; x_wconf 85' lang='lat' dir='ltr'>In</span> <span class='ocrx_word' id='word_1_176' title='bbox 1203 1473 1239 1506; x_wconf 73' lang='lat' dir='ltr'>N</span> <span class='ocrx_word' id='word_1_177' title='bbox 1241 1474 1337 1506; x_wconf 87' lang='lat' dir='ltr'>ennii</span> <span class='ocrx_word' id='word_1_178' title='bbox 1354 1473 1432 1506; x_wconf 92' lang='lat' dir='ltr'>loco</span> <span class='ocrx_word' id='word_1_179' title='bbox 1450 1473 1554 1518; x_wconf 91' lang='lat' dir='ltr'>posui</span> <span class='ocrx_word' id='word_1_180' title='bbox 1570 1472 1703 1506; x_wconf 65' lang='lat' dir='ltr'>strum&#39;t</span> <span class='ocrx_word' id='word_1_181' title='bbox 1717 1472 1810 1505; x_wconf 68' lang='lat' dir='ltr'>Din-</span> 
     </span>
     <span class='ocr_line' id='line_1_22' title="bbox 256 1528 1811 1573; baseline 0 -11"><span class='ocrx_word' id='word_1_182' title='bbox 256 1529 386 1573; x_wconf 67' lang='lat' dir='ltr'>[snaroz&#39;</span> <span class='ocrx_word' id='word_1_183' title='bbox 405 1529 707 1562; x_wconf 64' lang='lat' dir='ltr'>Gaarthberneieh</span> <span class='ocrx_word' id='word_1_184' title='bbox 725 1540 788 1573; x_wconf 89' lang='lat' dir='ltr'>pro</span> <span class='ocrx_word' id='word_1_185' title='bbox 808 1533 995 1572; x_wconf 87' lang='lat' dir='ltr'>corrupto:</span> <span class='ocrx_word' id='word_1_186' title='bbox 1024 1528 1124 1561; x_wconf 65' lang='lat' dir='ltr'>zeuxi!</span> <span class='ocrx_word' id='word_1_187' title='bbox 1140 1528 1373 1573; x_wconf 70' lang='lat' dir='ltr'>Dz&#39;nyzcayrdi</span> <span class='ocrx_word' id='word_1_188' title='bbox 1393 1529 1707 1563; x_wconf 68' lang='lat' dir='ltr'>Guartlzberneieh.</span> <span class='ocrx_word' id='word_1_189' title='bbox 1743 1528 1811 1562; x_wconf 85' lang='lat' dir='ltr'>Est</span> 
     </span>
     <span class='ocr_line' id='line_1_23' title="bbox 260 1584 1807 1629; baseline 0 -11"><span class='ocrx_word' id='word_1_190' title='bbox 260 1586 354 1618; x_wconf 86' lang='lat' dir='ltr'>enim</span> <span class='ocrx_word' id='word_1_191' title='bbox 366 1585 572 1629; x_wconf 69' lang='lat' dir='ltr'>Dc&#39;ngyztaroi</span> <span class='ocrx_word' id='word_1_192' title='bbox 586 1597 716 1618; x_wconf 88' lang='lat' dir='ltr'>nomen</span> <span class='ocrx_word' id='word_1_193' title='bbox 735 1584 949 1618; x_wconf 82' lang='lat' dir='ltr'>cambriculn</span> <span class='ocrx_word' id='word_1_194' title='bbox 969 1584 1074 1617; x_wconf 84' lang='lat' dir='ltr'>castri</span> <span class='ocrx_word' id='word_1_195' title='bbox 1092 1584 1275 1618; x_wconf 80' lang='lat' dir='ltr'>Berniciae</span> <span class='ocrx_word' id='word_1_196' title='bbox 1295 1585 1486 1629; x_wconf 86' lang='lat' dir='ltr'>superioris</span> <span class='ocrx_word' id='word_1_197' title='bbox 1507 1585 1651 1629; x_wconf 85' lang='lat' dir='ltr'>(cambr.</span> <span class='ocrx_word' id='word_1_198' title='bbox 1663 1586 1807 1629; x_wconf 67' lang='lat' dir='ltr'>yuarth,</span> 
     </span>
     <span class='ocr_line' id='line_1_24' title="bbox 260 1641 1807 1687; baseline -0.001 -12"><span class='ocrx_word' id='word_1_199' title='bbox 260 1642 391 1687; x_wconf 77' lang='lat' dir='ltr'>superl.</span> <span class='ocrx_word' id='word_1_200' title='bbox 409 1642 611 1685; x_wconf 67' lang='lat' dir='ltr'>yeacrtham,</span> <span class='ocrx_word' id='word_1_201' title='bbox 633 1646 825 1681; x_wconf 63' lang='lat' dir='ltr'>extrenum,</span> <span class='ocrx_word' id='word_1_202' title='bbox 846 1652 881 1685; x_wconf 87' lang='lat' dir='ltr'>p.</span> <span class='ocrx_word' id='word_1_203' title='bbox 903 1643 981 1674; x_wconf 75' lang='lat'><strong>(556.</strong></span> <span class='ocrx_word' id='word_1_204' title='bbox 1003 1641 1096 1685; x_wconf 74' lang='lat'>657),</span> <span class='ocrx_word' id='word_1_205' title='bbox 1118 1641 1215 1685; x_wconf 88' lang='lat' dir='ltr'>quod</span> <span class='ocrx_word' id='word_1_206' title='bbox 1240 1641 1378 1685; x_wconf 83' lang='lat' dir='ltr'>anglice</span> <span class='ocrx_word' id='word_1_207' title='bbox 1404 1641 1535 1675; x_wconf 91' lang='lat' dir='ltr'>dicitur</span> <span class='ocrx_word' id='word_1_208' title='bbox 1558 1641 1807 1685; x_wconf 69' lang='lat' dir='ltr'>Bebbanbzcry,</span> 
     </span>
     <span class='ocr_line' id='line_1_25' title="bbox 262 1696 1812 1742; baseline -0.001 -10"><span class='ocrx_word' id='word_1_209' title='bbox 262 1698 346 1732; x_wconf 84' lang='lat' dir='ltr'>hod.</span> <span class='ocrx_word' id='word_1_210' title='bbox 363 1697 627 1741; x_wconf 71' lang='lat' dir='ltr'>Bamborouylz,</span> <span class='ocrx_word' id='word_1_211' title='bbox 644 1704 685 1731; x_wconf 91' lang='lat' dir='ltr'>ut</span> <span class='ocrx_word' id='word_1_212' title='bbox 701 1702 801 1742; x_wconf 83' lang='lat' dir='ltr'>patet</span> <span class='ocrx_word' id='word_1_213' title='bbox 819 1709 836 1730; x_wconf 95' lang='lat' dir='ltr'>e</span> <span class='ocrx_word' id='word_1_214' title='bbox 854 1708 938 1730; x_wconf 85' lang='lat' dir='ltr'>mox</span> <span class='ocrx_word' id='word_1_215' title='bbox 956 1696 1049 1730; x_wconf 81' lang='lat' dir='ltr'>infra</span> <span class='ocrx_word' id='word_1_216' title='bbox 1065 1696 1296 1741; x_wconf 87' lang='lat' dir='ltr'>sequentibus</span> <span class='ocrx_word' id='word_1_217' title='bbox 1314 1709 1370 1742; x_wconf 86' lang='lat' dir='ltr'>ap.</span> <span class='ocrx_word' id='word_1_218' title='bbox 1386 1696 1568 1730; x_wconf 88' lang='lat' dir='ltr'>Nennium</span> <span class='ocrx_word' id='word_1_219' title='bbox 1583 1711 1590 1731; x_wconf 71' lang='grc' dir='ltr'><strong><em>ε</em></strong></span> <span class='ocrx_word' id='word_1_220' title='bbox 1607 1696 1812 1730; x_wconf 83' lang='lat' dir='ltr'>“Eadfered</span> 
     </span>
     <span class='ocr_line' id='line_1_26' title="bbox 262 1753 1812 1798; baseline -0.001 -11"><span class='ocrx_word' id='word_1_221' title='bbox 262 1754 361 1787; x_wconf 82' lang='lat' dir='ltr'>dedit</span> <span class='ocrx_word' id='word_1_222' title='bbox 388 1754 491 1787; x_wconf 79' lang='lat' dir='ltr'>uxori</span> <span class='ocrx_word' id='word_1_223' title='bbox 518 1765 601 1787; x_wconf 83' lang='lat' dir='ltr'>suae</span> <span class='ocrx_word' id='word_1_224' title='bbox 618 1754 845 1798; x_wconf 72' lang='lat' dir='ltr'>Dz&#39;nyuccroy,</span> <span class='ocrx_word' id='word_1_225' title='bbox 867 1765 957 1798; x_wconf 85' lang='lat' dir='ltr'>quae</span> <span class='ocrx_word' id='word_1_226' title='bbox 980 1758 1128 1787; x_wconf 82' lang='lat' dir='ltr'>vocatur</span> <span class='ocrx_word' id='word_1_227' title='bbox 1145 1753 1278 1794; x_wconf 87' lang='lat' dir='ltr'>Bebba,</span> <span class='ocrx_word' id='word_1_228' title='bbox 1307 1759 1341 1786; x_wconf 89' lang='lat' dir='ltr'>et</span> <span class='ocrx_word' id='word_1_229' title='bbox 1367 1753 1410 1786; x_wconf 87' lang='lat' dir='ltr'>de</span> <span class='ocrx_word' id='word_1_230' title='bbox 1428 1753 1571 1786; x_wconf 84' lang='lat' dir='ltr'>nomine</span> <span class='ocrx_word' id='word_1_231' title='bbox 1589 1765 1673 1787; x_wconf 87' lang='lat' dir='ltr'>suae</span> <span class='ocrx_word' id='word_1_232' title='bbox 1692 1754 1812 1787; x_wconf 84' lang='lat' dir='ltr'>uxoris</span> 
     </span>
     <span class='ocr_line' id='line_1_27' title="bbox 262 1807 1812 1855; baseline 0 -13"><span class='ocrx_word' id='word_1_233' title='bbox 262 1811 418 1855; x_wconf 81' lang='lat' dir='ltr'>suscepit</span> <span class='ocrx_word' id='word_1_234' title='bbox 442 1821 584 1851; x_wconf 86' lang='lat' dir='ltr'>nomen,</span> <span class='ocrx_word' id='word_1_235' title='bbox 606 1810 642 1843; x_wconf 85' lang='lat' dir='ltr'>id</span> <span class='ocrx_word' id='word_1_236' title='bbox 661 1814 724 1850; x_wconf 80' lang='lat' dir='ltr'>est,</span> <span class='ocrx_word' id='word_1_237' title='bbox 746 1807 1045 1843; x_wconf 74' lang='lat' dir='ltr'>Bebbanburch.”</span> <span class='ocrx_word' id='word_1_238' title='bbox 1083 1810 1175 1843; x_wconf 87' lang='lat' dir='ltr'>Sunt</span> <span class='ocrx_word' id='word_1_239' title='bbox 1193 1809 1297 1842; x_wconf 86' lang='lat' dir='ltr'>etiam</span> <span class='ocrx_word' id='word_1_240' title='bbox 1316 1809 1459 1842; x_wconf 85' lang='lat' dir='ltr'>nomina</span> <span class='ocrx_word' id='word_1_241' title='bbox 1476 1811 1661 1853; x_wconf 76' lang='lat' dir='ltr'>poetarum</span> <span class='ocrx_word' id='word_1_242' title='bbox 1679 1809 1716 1843; x_wconf 92' lang='lat' dir='ltr'>in</span> <span class='ocrx_word' id='word_1_243' title='bbox 1733 1809 1812 1842; x_wconf 78' lang='lat' dir='ltr'>Ioco</span> 
     </span>
     <span class='ocr_line' id='line_1_28' title="bbox 262 1864 1810 1910; baseline -0.001 -11"><span class='ocrx_word' id='word_1_244' title='bbox 262 1867 323 1900; x_wconf 80' lang='lat' dir='ltr'>illo</span> <span class='ocrx_word' id='word_1_245' title='bbox 350 1866 483 1900; x_wconf 73' lang='lat' dir='ltr'>Nennii</span> <span class='ocrx_word' id='word_1_246' title='bbox 513 1870 710 1899; x_wconf 81' lang='lat' dir='ltr'>memoratu</span> <span class='ocrx_word' id='word_1_247' title='bbox 738 1866 848 1910; x_wconf 85' lang='lat' dir='ltr'>digno</span> <span class='ocrx_word' id='word_1_248' title='bbox 876 1865 956 1910; x_wconf 83' lang='lat' dir='ltr'>plus</span> <span class='ocrx_word' id='word_1_249' title='bbox 982 1865 1038 1898; x_wconf 75' lang='lat' dir='ltr'>vel</span> <span class='ocrx_word' id='word_1_250' title='bbox 1063 1865 1181 1898; x_wconf 86' lang='lat' dir='ltr'>minus</span> <span class='ocrx_word' id='word_1_251' title='bbox 1208 1870 1394 1909; x_wconf 81' lang='lat' dir='ltr'>corrupta:</span> <span class='ocrx_word' id='word_1_252' title='bbox 1422 1864 1563 1906; x_wconf 66' lang='lat' dir='ltr'>ZVeirz‘n,</span> <span class='ocrx_word' id='word_1_253' title='bbox 1584 1865 1630 1899; x_wconf 89' lang='lat' dir='ltr'>al.</span> <span class='ocrx_word' id='word_1_254' title='bbox 1657 1865 1810 1905; x_wconf 74' lang='lat' dir='ltr'>Nuecz&#39;n,</span> 
     </span>
     <span class='ocr_line' id='line_1_29' title="bbox 262 1921 1811 1966; baseline -0.001 -11"><span class='ocrx_word' id='word_1_255' title='bbox 262 1922 358 1956; x_wconf 80' lang='lat' dir='ltr'>haud</span> <span class='ocrx_word' id='word_1_256' title='bbox 376 1923 484 1955; x_wconf 75' lang='lat' dir='ltr'>dubie</span> <span class='ocrx_word' id='word_1_257' title='bbox 502 1934 565 1966; x_wconf 87' lang='lat' dir='ltr'>pro</span> <span class='ocrx_word' id='word_1_258' title='bbox 582 1922 757 1955; x_wconf 68' lang='lat' dir='ltr'>Auem-in.</span> <span class='ocrx_word' id='word_1_259' title='bbox 794 1922 824 1954; x_wconf 86' lang='lat' dir='ltr'>E</span> <span class='ocrx_word' id='word_1_260' title='bbox 844 1922 986 1954; x_wconf 90' lang='lat' dir='ltr'>nomine</span> <span class='ocrx_word' id='word_1_261' title='bbox 1004 1922 1188 1954; x_wconf 70' lang='lat' dir='ltr'>Blaelzbar</span> <span class='ocrx_word' id='word_1_262' title='bbox 1205 1921 1429 1965; x_wconf 79' lang='lat' dir='ltr'>transpositis</span> <span class='ocrx_word' id='word_1_263' title='bbox 1448 1921 1559 1954; x_wconf 81' lang='lat' dir='ltr'>literis</span> <span class='ocrx_word' id='word_1_264' title='bbox 1582 1922 1701 1965; x_wconf 86' lang='lat' dir='ltr'>prodit</span> <span class='ocrx_word' id='word_1_265' title='bbox 1718 1921 1811 1954; x_wconf 77' lang='lat' dir='ltr'><em>Lub-</em></span> 
     </span>
     <span class='ocr_line' id='line_1_30' title="bbox 265 1977 1813 2023; baseline -0.001 -12"><span class='ocrx_word' id='word_1_266' title='bbox 265 1979 382 2018; x_wconf 79' lang='lat' dir='ltr'>barch,</span> <span class='ocrx_word' id='word_1_267' title='bbox 403 1978 505 2023; x_wconf 82' lang='lat' dir='ltr'>cujus</span> <span class='ocrx_word' id='word_1_268' title='bbox 530 1978 706 2011; x_wconf 88' lang='lat' dir='ltr'>recentior</span> <span class='ocrx_word' id='word_1_269' title='bbox 732 1978 876 2022; x_wconf 80' lang='lat' dir='ltr'>scriptio</span> <span class='ocrx_word' id='word_1_270' title='bbox 903 1982 957 2009; x_wconf 89' lang='lat' dir='ltr'>est</span> <span class='ocrx_word' id='word_1_271' title='bbox 974 1977 1164 2020; x_wconf 75' lang='lat' dir='ltr'>Llyzcareh</span> <span class='ocrx_word' id='word_1_272' title='bbox 1184 1977 1433 2020; x_wconf 64' lang='lat' dir='ltr'>(Lyuamlzleen</span> <span class='ocrx_word' id='word_1_273' title='bbox 1449 1977 1525 2021; x_wconf 88' lang='lat' dir='ltr'>jam</span> <span class='ocrx_word' id='word_1_274' title='bbox 1542 1977 1813 2021; x_wconf 87' lang='lat' dir='ltr'>transscriptum</span> 
     </span>
     <span class='ocr_line' id='line_1_31' title="bbox 263 2032 1814 2078; baseline -0.002 -10"><span class='ocrx_word' id='word_1_275' title='bbox 263 2035 396 2078; x_wconf 83' lang='lat' dir='ltr'>legitur</span> <span class='ocrx_word' id='word_1_276' title='bbox 420 2034 456 2067; x_wconf 91' lang='lat' dir='ltr'>in</span> <span class='ocrx_word' id='word_1_277' title='bbox 481 2034 572 2068; x_wconf 90' lang='lat' dir='ltr'>libro</span> <span class='ocrx_word' id='word_1_278' title='bbox 590 2034 704 2067; x_wconf 87' lang='lat' dir='ltr'>Land.</span> <span class='ocrx_word' id='word_1_279' title='bbox 729 2035 791 2066; x_wconf 73' lang='lat'>138</span> <span class='ocrx_word' id='word_1_280' title='bbox 814 2033 850 2066; x_wconf 91' lang='lat' dir='ltr'>in</span> <span class='ocrx_word' id='word_1_281' title='bbox 875 2032 1113 2076; x_wconf 85' lang='lat' dir='ltr'>descript-ione</span> <span class='ocrx_word' id='word_1_282' title='bbox 1141 2032 1217 2076; x_wconf 79' lang='lat' dir='ltr'>agri</span> <span class='ocrx_word' id='word_1_283' title='bbox 1243 2044 1261 2065; x_wconf 89' lang='lat' dir='ltr'>e</span> <span class='ocrx_word' id='word_1_284' title='bbox 1287 2038 1444 2076; x_wconf 86' lang='lat' dir='ltr'>tempore</span> <span class='ocrx_word' id='word_1_285' title='bbox 1470 2032 1627 2076; x_wconf 87' lang='lat' dir='ltr'>episcopi</span> <span class='ocrx_word' id='word_1_286' title='bbox 1654 2032 1814 2065; x_wconf 84' lang='lat' dir='ltr'>Oudocei</span> 
     </span>
     <span class='ocr_line' id='line_1_32' title="bbox 264 2087 1811 2131; baseline -0.002 -7"><span class='ocrx_word' id='word_1_287' title='bbox 264 2090 396 2124; x_wconf 80' lang='lat' dir='ltr'>saeculi</span> <span class='ocrx_word' id='word_1_288' title='bbox 429 2090 520 2124; x_wconf 75' lang='lat' dir='ltr'>sexti</span> <span class='ocrx_word' id='word_1_289' title='bbox 556 2090 739 2131; x_wconf 73' lang='lat' dir='ltr'>exeuntis,</span> <span class='ocrx_word' id='word_1_290' title='bbox 769 2089 805 2122; x_wconf 90' lang='lat' dir='ltr'>in</span> <span class='ocrx_word' id='word_1_291' title='bbox 832 2088 1089 2123; x_wconf 85' lang='lat' dir='ltr'>recentioribus</span> <span class='ocrx_word' id='word_1_292' title='bbox 1115 2088 1245 2121; x_wconf 79' lang='lat' dir='ltr'>chartis</span> <span class='ocrx_word' id='word_1_293' title='bbox 1270 2088 1336 2121; x_wconf 69' lang='lat' dir='ltr'>viri</span> <span class='ocrx_word' id='word_1_294' title='bbox 1360 2099 1490 2120; x_wconf 86' lang='lat' dir='ltr'>nomen</span> <span class='ocrx_word' id='word_1_295' title='bbox 1517 2087 1716 2120; x_wconf 73' lang='lat' dir='ltr'>Lezcmarclz</span> <span class='ocrx_word' id='word_1_296' title='bbox 1735 2090 1811 2128; x_wconf 56' lang='lat'>205,</span> 
     </span>
     <span class='ocr_line' id='line_1_33' title="bbox 264 2143 1816 2192; baseline -0.002 -12"><span class='ocrx_word' id='word_1_297' title='bbox 264 2147 464 2180; x_wconf 71' lang='lat' dir='ltr'>Lozcmarclz</span> <span class='ocrx_word' id='word_1_298' title='bbox 492 2149 574 2187; x_wconf 78' lang='lat'>230,</span> <span class='ocrx_word' id='word_1_299' title='bbox 603 2147 786 2192; x_wconf 81' lang='lat' dir='ltr'>quaeritur</span> <span class='ocrx_word' id='word_1_300' title='bbox 812 2156 898 2178; x_wconf 85' lang='lat' dir='ltr'>num</span> <span class='ocrx_word' id='word_1_301' title='bbox 925 2144 1039 2184; x_wconf 87' lang='lat' dir='ltr'>idem,</span> <span class='ocrx_word' id='word_1_302' title='bbox 1069 2155 1114 2177; x_wconf 86' lang='lat' dir='ltr'>an</span> <span class='ocrx_word' id='word_1_303' title='bbox 1141 2143 1348 2188; x_wconf 85' lang='lat' dir='ltr'>diversum).</span> <span class='ocrx_word' id='word_1_304' title='bbox 1380 2144 1536 2178; x_wconf 80' lang='lat' dir='ltr'>Nomina</span> <span class='ocrx_word' id='word_1_305' title='bbox 1561 2143 1756 2176; x_wconf 75' lang='lat' dir='ltr'>Talhaiarn</span> <span class='ocrx_word' id='word_1_306' title='bbox 1781 2149 1816 2177; x_wconf 85' lang='lat' dir='ltr'>et</span> 
     </span>
     <span class='ocr_line' id='line_1_34' title="bbox 269 2203 1199 2248; baseline -0.004 -11"><span class='ocrx_word' id='word_1_307' title='bbox 269 2204 358 2237; x_wconf 69' lang='lat' dir='ltr'>Cicm</span> <span class='ocrx_word' id='word_1_308' title='bbox 377 2204 483 2237; x_wconf 83' lang='lat' dir='ltr'>etiam</span> <span class='ocrx_word' id='word_1_309' title='bbox 501 2203 597 2248; x_wconf 88' lang='lat' dir='ltr'>apud</span> <span class='ocrx_word' id='word_1_310' title='bbox 614 2203 750 2236; x_wconf 81' lang='lat' dir='ltr'>Bardos</span> <span class='ocrx_word' id='word_1_311' title='bbox 769 2206 927 2236; x_wconf 80' lang='lat' dir='ltr'>vetustos</span> <span class='ocrx_word' id='word_1_312' title='bbox 945 2206 1199 2234; x_wconf 85' lang='lat' dir='ltr'>memorantur.</span> 
     </span>
    </p>

    <p class='ocr_par' dir='ltr' id='par_1_7' title="bbox 265 2255 1816 2361">
     <span class='ocr_line' id='line_1_35' title="bbox 355 2255 1816 2305; baseline -0.004 -11"><span class='ocrx_word' id='word_1_313' title='bbox 355 2260 536 2305; x_wconf 84' lang='lat' dir='ltr'>Regiones</span> <span class='ocrx_word' id='word_1_314' title='bbox 564 2260 707 2293; x_wconf 88' lang='lat' dir='ltr'>eaedem</span> <span class='ocrx_word' id='word_1_315' title='bbox 732 2257 1028 2303; x_wconf 82' lang='lat' dir='ltr'>septentrionales</span> <span class='ocrx_word' id='word_1_316' title='bbox 1055 2260 1298 2289; x_wconf 83' lang='lat' dir='ltr'>memorantur</span> <span class='ocrx_word' id='word_1_317' title='bbox 1322 2256 1359 2289; x_wconf 91' lang='lat' dir='ltr'>in</span> <span class='ocrx_word' id='word_1_318' title='bbox 1382 2256 1546 2289; x_wconf 83' lang='lat' dir='ltr'>carminis</span> <span class='ocrx_word' id='word_1_319' title='bbox 1565 2255 1726 2300; x_wconf 86' lang='lat' dir='ltr'>inscripti</span> <span class='ocrx_word' id='word_1_320' title='bbox 1749 2257 1816 2288; x_wconf 82' lang='lat' dir='ltr'>Go-</span> 
     </span>
     <span class='ocr_line' id='line_1_36' title="bbox 265 2312 1615 2361; baseline -0.004 -11"><span class='ocrx_word' id='word_1_321' title='bbox 265 2316 366 2350; x_wconf 66' lang='lat' dir='ltr'>dodim</span> <span class='ocrx_word' id='word_1_322' title='bbox 384 2317 552 2361; x_wconf 83' lang='lat' dir='ltr'>strophis,</span> <span class='ocrx_word' id='word_1_323' title='bbox 574 2328 663 2361; x_wconf 87' lang='lat' dir='ltr'>quae</span> <span class='ocrx_word' id='word_1_324' title='bbox 682 2315 882 2348; x_wconf 85' lang='lat' dir='ltr'>Caeaucum</span> <span class='ocrx_word' id='word_1_325' title='bbox 901 2313 1092 2352; x_wconf 79' lang='lat' dir='ltr'>celebrant,</span> <span class='ocrx_word' id='word_1_326' title='bbox 1115 2312 1253 2346; x_wconf 81' lang='lat' dir='ltr'>duabus</span> <span class='ocrx_word' id='word_1_327' title='bbox 1272 2312 1528 2357; x_wconf 84' lang='lat' dir='ltr'>posterioribus</span> <span class='ocrx_word' id='word_1_328' title='bbox 1545 2312 1615 2346; x_wconf 84' lang='lat' dir='ltr'>ita:</span> 
     </span>
    </p>
   </div>
   <div class='ocr_carea' id='block_1_5' title="bbox 264 2379 1818 2785">
    <p class='ocr_par' dir='ltr' id='par_1_8' title="bbox 264 2379 1818 2785">
     <span class='ocr_line' id='line_1_37' title="bbox 681 2379 1383 2426; baseline -0.006 -10"><span class='ocrx_word' id='word_1_329' title='bbox 681 2383 731 2416; x_wconf 77' lang='lat' dir='ltr'>Yt</span> <span class='ocrx_word' id='word_1_330' title='bbox 746 2381 856 2426; x_wconf 57' lang='lat' dir='ltr'>cluffec&#39;</span> <span class='ocrx_word' id='word_1_331' title='bbox 878 2381 1015 2424; x_wconf 64' lang='lat' dir='ltr'>TVyned</span> <span class='ocrx_word' id='word_1_332' title='bbox 1030 2392 1050 2412; x_wconf 81' lang='grc' dir='ltr'>(ι</span> <span class='ocrx_word' id='word_1_333' title='bbox 1074 2379 1231 2424; x_wconf 70' lang='lat' dir='ltr'>Goqledd</span> <span class='ocrx_word' id='word_1_334' title='bbox 1246 2379 1279 2413; x_wconf 73' lang='lat' dir='ltr'>ei</span> <span class='ocrx_word' id='word_1_335' title='bbox 1294 2391 1383 2412; x_wconf 73' lang='lat' dir='ltr'>rann</span> 
     </span>
     <span class='ocr_line' id='line_1_38' title="bbox 681 2437 1135 2483; baseline -0.007 -11"><span class='ocrx_word' id='word_1_336' title='bbox 681 2452 699 2472; x_wconf 86' lang='grc' dir='ltr'><em>ο</em></span> <span class='ocrx_word' id='word_1_337' title='bbox 715 2438 840 2483; x_wconf 72' lang='lat' dir='ltr'>ygsssul</span> <span class='ocrx_word' id='word_1_338' title='bbox 854 2437 933 2470; x_wconf 76' lang='lat' dir='ltr'>mab</span> <span class='ocrx_word' id='word_1_339' title='bbox 955 2437 1135 2480; x_wconf 66' lang='lat' dir='ltr'>Ysyyran.</span> 
     </span>
     <span class='ocr_line' id='line_1_39' title="bbox 264 2503 1818 2554; baseline -0.003 -12"><span class='ocrx_word' id='word_1_340' title='bbox 264 2507 539 2554; x_wconf 77' lang='lat' dir='ltr'>“Congregabat</span> <span class='ocrx_word' id='word_1_341' title='bbox 562 2507 761 2541; x_wconf 86' lang='lat' dir='ltr'>Venedotia</span> <span class='ocrx_word' id='word_1_342' title='bbox 786 2510 821 2539; x_wconf 86' lang='lat' dir='ltr'>et</span> <span class='ocrx_word' id='word_1_343' title='bbox 847 2504 1050 2549; x_wconf 86' lang='lat' dir='ltr'>Septentrio</span> <span class='ocrx_word' id='word_1_344' title='bbox 1083 2504 1118 2547; x_wconf 90' lang='lat' dir='ltr'>(i.</span> <span class='ocrx_word' id='word_1_345' title='bbox 1147 2514 1177 2536; x_wconf 88' lang='lat' dir='ltr'>e.</span> <span class='ocrx_word' id='word_1_346' title='bbox 1205 2503 1386 2548; x_wconf 86' lang='lat' dir='ltr'>Cumbria)</span> <span class='ocrx_word' id='word_1_347' title='bbox 1417 2515 1517 2536; x_wconf 85' lang='lat' dir='ltr'>suam</span> <span class='ocrx_word' id='word_1_348' title='bbox 1541 2508 1677 2547; x_wconf 82' lang='lat' dir='ltr'>partem</span> <span class='ocrx_word' id='word_1_349' title='bbox 1701 2503 1818 2548; x_wconf 85' lang='lat' dir='ltr'>(suum</span> 
     </span>
     <span class='ocr_line' id='line_1_40' title="bbox 1353 2559 1540 2604; baseline 0 -12"><span class='ocrx_word' id='word_1_350' title='bbox 1353 2559 1540 2604; x_wconf 88' lang='lat' dir='ltr'>populum)</span> 
     </span>
     <span class='ocr_line' id='line_1_41' title="bbox 268 2617 690 2655; baseline -0.007 -1"><span class='ocrx_word' id='word_1_351' title='bbox 268 2621 417 2655; x_wconf 83' lang='lat' dir='ltr'>consilio</span> <span class='ocrx_word' id='word_1_352' title='bbox 435 2620 498 2654; x_wconf 88' lang='lat' dir='ltr'>filii</span> <span class='ocrx_word' id='word_1_353' title='bbox 518 2617 690 2654; x_wconf 75' lang='lat' dir='ltr'>Scirani.&#39;&#39;</span> 
     </span>
     <span class='ocr_line' id='line_1_42' title="bbox 683 2684 1390 2729; baseline -0.004 -10"><span class='ocrx_word' id='word_1_354' title='bbox 683 2685 918 2729; x_wconf 67' lang='lat' dir='ltr'>Cwydet&#39;pym</span> <span class='ocrx_word' id='word_1_355' title='bbox 932 2689 1088 2729; x_wconf 71' lang='lat' dir='ltr'>pymunt</span> <span class='ocrx_word' id='word_1_356' title='bbox 1104 2696 1164 2717; x_wconf 75' lang='lat' dir='ltr'>rac</span> <span class='ocrx_word' id='word_1_357' title='bbox 1179 2696 1202 2728; x_wconf 71' lang='lat' dir='ltr'><strong><em>y</em></strong></span> <span class='ocrx_word' id='word_1_358' title='bbox 1222 2684 1269 2716; x_wconf 76' lang='lat' dir='ltr'>lla</span> <span class='ocrx_word' id='word_1_359' title='bbox 1291 2695 1390 2717; x_wconf 77' lang='lat' dir='ltr'>nawr</span> 
     </span>
     <span class='ocr_line' id='line_1_43' title="bbox 677 2740 1394 2785; baseline -0.003 -10"><span class='ocrx_word' id='word_1_360' title='bbox 677 2756 695 2775; x_wconf 87' lang='lat' dir='ltr'>o</span> <span class='ocrx_word' id='word_1_361' title='bbox 714 2753 789 2785; x_wconf 73' lang='lat' dir='ltr'>wyr</span> <span class='ocrx_word' id='word_1_362' title='bbox 807 2742 941 2785; x_wconf 71' lang='lat' dir='ltr'>Dewyr</span> <span class='ocrx_word' id='word_1_363' title='bbox 958 2753 978 2773; x_wconf 88' lang='grc' dir='ltr'><em>α</em></span> <span class='ocrx_word' id='word_1_364' title='bbox 998 2740 1179 2784; x_wconf 67' lang='lat' dir='ltr'>Bryneiclz</span> <span class='ocrx_word' id='word_1_365' title='bbox 1197 2740 1394 2784; x_wconf 76' lang='lat' dir='ltr'>(lychrawr.</span> 
     </span>
    </p>
   </div>
   <div class='ocr_carea' id='block_1_6' title="bbox 569 2807 1522 2903">
    <p class='ocr_par' dir='ltr' id='par_1_9' title="bbox 569 2807 1522 2903">
     <span class='ocr_line' id='line_1_44' title="bbox 569 2807 1522 2854; baseline -0.002 -11"><span class='ocrx_word' id='word_1_366' title='bbox 569 2809 810 2844; x_wconf 81' lang='lat' dir='ltr'>“Ceciderunt</span> <span class='ocrx_word' id='word_1_367' title='bbox 828 2809 986 2854; x_wconf 85' lang='lat' dir='ltr'>quinque</span> <span class='ocrx_word' id='word_1_368' title='bbox 1004 2813 1141 2841; x_wconf 86' lang='lat' dir='ltr'>turmae</span> <span class='ocrx_word' id='word_1_369' title='bbox 1160 2818 1276 2840; x_wconf 86' lang='lat' dir='ltr'>coram</span> <span class='ocrx_word' id='word_1_370' title='bbox 1295 2808 1372 2852; x_wconf 83' lang='lat' dir='ltr'>ejus</span> <span class='ocrx_word' id='word_1_371' title='bbox 1390 2807 1522 2842; x_wconf 81' lang='lat' dir='ltr'>lamina</span> 
     </span>
     <span class='ocr_line' id='line_1_45' title="bbox 571 2862 1340 2903; baseline -0.008 -1"><span class='ocrx_word' id='word_1_372' title='bbox 571 2867 727 2903; x_wconf 62' lang='lat' dir='ltr'>virorum</span> <span class='ocrx_word' id='word_1_373' title='bbox 747 2865 877 2900; x_wconf 85' lang='lat' dir='ltr'>Deirae</span> <span class='ocrx_word' id='word_1_374' title='bbox 895 2870 929 2898; x_wconf 90' lang='lat' dir='ltr'>et</span> <span class='ocrx_word' id='word_1_375' title='bbox 948 2863 1132 2898; x_wconf 83' lang='lat' dir='ltr'>Berniciae</span> <span class='ocrx_word' id='word_1_376' title='bbox 1151 2862 1340 2898; x_wconf 82' lang='lat' dir='ltr'>ferorum.&#39;&#39;</span> 
     </span>
    </p>
   </div>
  </div>
 </body>
</html>
