1920 3220
315 198 396 225 040
638 202 656 225 1
671 200 687 226 V
707 217 714 225 .
742 194 780 225 Z.
821 197 1191 226 PRAEPOSITIONES
1213 199 1525 226 BRITANNICAE.

313 315 340 354 3]
362 313 434 353 vys
463 299 516 352 ef
534 314 560 353 3]
591 297 730 338 keueis
759 313 786 352 3]
817 299 987 353 uodrwy
1008 299 1119 339 leomz
1143 300 1211 351 (de
1232 299 1363 352 digito
1385 298 1473 351 ejus
1496 313 1628 338 sumsr
1649 304 1855 339 annulum

316 369 447 421 hune)
471 369 586 408 Mab.
615 372 660 416 2,
689 371 782 407 216.
818 369 1011 423 blecyclyn
1042 385 1068 423 3]
1100 368 1204 408 beno
1238 400 1246 407 .
1276 400 1283 407 .
1314 400 1321 408 .
1356 368 1417 409 mi
1442 369 1606 423 <charaf
1627 370 1691 410 bot
1719 370 1859 423 9ῑοῖεεῖ

316 440 445 487 (anno
476 439 526 477 ab
549 438 625 477 hac
647 445 768 477 nocte
790 440 942 492 parabo
964 439 1126 492 epulas)
1150 439 1265 478 Mab.
1295 443 1332 486 3,
1360 442 1426 478 20.
1461 439 1653 493 blwydyn
1675 454 1700 492 3]
1723 439 1857 479 leediw

315 509 487 564 hyda-elz
507 523 605 562 yma
629 513 740 561 (post
761 523 919 548 annum
941 509 991 548 ab
1013 508 1214 548 hodierno
1236 508 1301 548 die
1323 508 1436 548 eritis
1454 508 1539 561 hie)
1559 510 1673 548 Mab.
1698 515 1735 555 ὃ,
1762 514 1854 548 los.

315 578 593 632 Frequentius
624 578 875 632 praepositio
900 579 1001 618 haee
1028 578 1148 618 obvia
1169 585 1231 618 est
1252 559 1338 618 un⁵a
1359 593 1454 618 cum
1476 578 1567 618 aliis
1590 579 1855 631 quibusdam,

315 651 540 690 obscurans
563 648 712 688 harum
734 647 1083 701 significationem
1104 648 1169 687 vel
1190 649 1422 696 destruens,
1445 663 1480 688 e.
1500 663 1562 700 gr.
1582 648 1672 701 jam
1692 648 1736 687 in
1754 648 1859 687 libro

317 721 529 760 Landav.:
565 718 611 758 di
637 732 705 758 am
728 719 796 769 (de
828 717 949 766 eirea,
976 718 1060 769 de),
1085 718 1129 757 in
1152 719 1292 758 Mau:
1325 733 1351 772 3]
1387 733 1437 758 αφ·
1459 720 1528 771 (de
1559 733 1697 772 super,
1723 719 1807 769 de),
1833 733 1859 772 3]

315 790 422 831 wrtlc
444 791 512 842 (de
544 790 671 842 apud,
697 791 753 840 a),
779 803 805 842 3]
834 793 939 841 qaut
960 788 1028 839 (de
1060 803 1170 836 cum,
1196 793 1252 839 a),
1278 803 1454 841 quarum
1487 789 1678 841 exempla
1699 788 1792 828 vide
1814 788 1859 827 in

317 861 381 900 his
403 860 558 899 eisdem
579 857 973 911 praepositionibus.

429 939 702 980 Consoeiatae
732 938 860 991 hujus
891 938 1212 992 praepositionis
1242 953 1338 978 cum
1358 938 1675 992 pronominibus
1698 937 1860 977 suffixis

316 1011 506 1065 exempla
528 1009 597 1049 vix
619 1016 857 1058 occurrunt,
879 1010 931 1049 ob
953 1009 1269 1061 congruentiam
1291 1024 1387 1049 eum
1408 1024 1507 1049 mox
1529 1015 1728 1062 sequente
1745 1023 1859 1062 prae-

315 1080 536 1135 positione,
562 1086 604 1119 et
624 1080 675 1119 ob
697 1079 1021 1132 frequentiorem
1043 1093 1167 1118 usum
1188 1080 1507 1133 praepositionis
1530 1095 1550 1119 0
1572 1093 1646 1133 pro
1669 1093 1729 1118 ea.

430 1160 608 1202 Corniea
639 1168 680 1201 et
711 1160 911 1201 armorica
941 1160 1192 1213 praepositio
1225 1163 1369 1201 eadem
1389 1176 1462 1215 per
1483 1176 1525 1201 se
1547 1161 1679 1201 rarius
1702 1159 1862 1200 inveni-

317 1242 398 1281 tur,
425 1231 684 1285 frequentius
706 1230 932 1284 praemissa
954 1230 1061 1270 aliis.

431 1314 557 1353 Corn.
586 1313 730 1352 THE:
763 1318 831 1367 3]ίο
863 1311 929 1351 the
966 1312 1118 1366 Galyle
1141 1314 1246 1363 (erat
1278 1313 1327 1351 de.
1350 1312 1557 1365 Galilaea)
1581 1313 1698 1352 Pass.
1728 1314 1794 1359 87,
1822 1314 1861 1348 4.

318 1384 427 1424 Cum
449 1398 590 1436 praep.
617 1397 709 1436 ray,
734 1381 891 1422 worth.-
925 1382 990 1422 the
1014 1397 1105 1436 my,
1135 1381 1200 1421 the
1220 1382 1390 1437 raqtlzy,
1416 1382 1481 1423 the
1502 1382 1648 1431 worth,
1677 1381 1742 1422 the
1762 1394 1864 1421 wor-

321 1454 446 1508 thccffi
474 1454 538 1494 the
560 1458 685 1492 morto
708 1459 805 1499 etc„
832 1467 1009 1505 quarum
1031 1452 1222 1505 exempla
1244 1452 1395 1492 videsis
1418 1453 1495 1492 sub
1517 1452 1687 1492 eisdem.

433 1539 598 1577 Armor.
620 1538 705 1576 DI:
733 1550 826 1576 ma:
847 1536 976 1576 viciat
997 1537 1076 1576 don
1100 1536 1146 1576 di
1160 1536 1349 1590 prisonet
1366 1539 1432 1589 (ut
1454 1537 1538 1576 sint
1560 1535 1677 1576 liberi
1699 1551 1722 1575 a
1739 1535 1866 1589 capti-

319 1609 465 1660 vitate)
490 1607 602 1647 Buh.
631 1609 725 1655 204,
754 1610 820 1645 25.
866 1607 930 1645 De
961 1606 1200 1659 compositis
1233 1607 1352 1647 dioec:
1375 1608 1548 1659 (ealnbr.
1572 1623 1598 1661 3]
1628 1607 1778 1659 wrth),
1805 1606 1867 1646 dv·-

317 1684 422 1732 9ant
443 1678 615 1730 (eambr.
640 1692 666 1731 y
685 1679 790 1730 yeme)
813 1684 891 1716 ete.
917 1676 1040 1716 infra.

437 1760 500 1798 DI
532 1758 713 1810 (hibern.
747 1758 813 1806 (lo,
840 1758 909 1810 ad)
939 1758 1165 1807 cambrice,
1199 1766 1247 1798 ut
1277 1758 1503 1807 hiberniee,
1537 1758 1725 1798 dativum
1753 1771 1868 1810 prae-

323 1829 464 1869 sertim
500 1828 741 1881 significans
770 1835 934 1881 praeter
963 1828 1035 1867 lat.
1062 1830 1121 1868 acl
1135 1828 1224 1881 jam
1246 1829 1290 1868 in
1313 1829 1609 1868 vetustioribus
1631 1827 1799 1881 glossis:
1827 1826 1873 1867 di

325 1900 430 1940 lilaea
454 1899 528 1952 (gl.
556 1897 690 1946 Latis),
717 1898 842 1937 addat
871 1900 1002 1951 opes),
1029 1898 1076 1938 cli
1095 1899 1295 1951 aperthou
1318 1899 1392 1951 (gl.
1418 1899 1677 1946 muneribus,
1705 1912 1780 1937 sua
1801 1898 1870 1937 ad-

324 1968 449 2015 didit)
471 1968 528 2021 gl.
555 1967 694 2007 Oxon.
740 1968 849 2007 Cum
871 1968 1070 2008 articulo:
1107 1968 1175 2009 dir
1202 1969 1473 2022 mpeteticz'on
1495 1968 1672 2009 cez'm‘irzc
1695 1969 1770 2021 (gl.
1795 1967 1870 2007 mi-

325 2039 424 2079 seris
446 2037 724 2091 patruelibus)
746 2038 804 2091 gl.
830 2038 969 2077 Oxou.

438 2119 794 2173 Frequentissima
815 2119 952 2159 adhue
976 2126 1038 2159 est
1059 2120 1310 2174 praepositio
1332 2121 1376 2160 in
1398 2121 1474 2160 hae
1496 2121 1627 2160 forma
1648 2119 1873 2159 vetustiore

325 2193 370 2231 in
397 2189 746 2244 descriptionibus
768 2189 919 2229 finium
941 2189 1036 2229 libri
1058 2191 1359 2240 Landavensis,
1386 2191 1628 2244 significans
1651 2191 1720 2237 (cd,
1747 2204 1874 2242 usque

327 2263 396 2301 ad.
444 2262 589 2301 Unum
618 2259 696 2300 hoc
728 2260 967 2312 exemplum
998 2261 1164 2300 brevius
1193 2276 1244 2300 ex
1272 2261 1354 2311 eis,
1403 2276 1432 2300 ).
1460 2264 1562 2299 200:
1602 2260 1724 2299 Finis
1757 2258 1872 2298 illius

327 2338 400 2372 est.
426 2345 530 2383 aper·
549 2330 710 2383 cag‘fh‘ut
731 2330 773 2369 in
792 2344 877 2383 9⁸4²!
900 2344 950 2369 <cr
972 2330 988 2369 z·
1007 2330 1069 2370 hit
1086 2330 1256 2371 ‹lim'aid
1271 2332 1456 2384 betpwm
1475 2345 1525 2370 ar
1541 2330 1671 2370 εἰπεῖν
1688 2329 1872 2368 hadrec-le

328 2402 502 2442 dincle'rn
532 2401 600 2440 dir
630 2400 692 2440 alt
722 2400 891 2441 diecz'm'cl
911 2400 956 2440 cli
975 2402 1072 2441 (Zree
1093 2401 1282 2441 dindime.
1308 2416 1329 2440 ο
1352 2402 1449 2442 clree
1470 2400 1643 2441 clindirn
1666 2399 1877 2453 (Ζίῃῑιαίνεί

330 2472 376 2514 di
401 2487 501 2526 yzcy.
527 2470 712 2510 maliclzw
736 2485 820 2524 glay
850 2485 901 2510 ar
932 2470 1031 2511 ihil
1051 2472 1115 2511 bet
1135 2486 1235 2523 aper
1259 2471 1421 2525 cccgfrzcl
1441 2472 1503 2519 (os
1526 2470 1708 2509 Catfruti
1729 2470 1773 2508 in
1796 2470 1869 2517 G„

330 2542 561 2582 secundum
592 2554 702 2587 eum,
733 2539 924 2588 fiuvium,
958 2556 1124 2580 sursum
1155 2555 1286 2593 usque
1318 2541 1369 2579 ad
1400 2540 1611 2592 regionem
1640 2539 1874 2592 oppositam

331 2620 445 2666 tergo
468 2610 665 2657 Dindirn,
700 2610 752 2648 ad
780 2624 941 2662 rupem,
968 2625 1133 2650 sursum
1164 2612 1216 2650 ad
1248 2617 1411 2662 tergum
1434 2610 1507 2657 D„
1533 2625 1556 2649 a
1589 2617 1703 2662 tergo
1726 2610 1781 2649 J).
1807 2610 1875 2648 ‹le-

330 2696 470 2721 orsum
492 2681 542 2720 ad
566 2680 639 2728 Gn,
660 2687 708 2719 ut
729 2679 845 2719 ducit
866 2680 920 2719 G.
942 2694 1015 2733 per
1036 2680 1346 2733 longitudinem
1366 2694 1499 2732 usque
1521 2680 1572 2718 ad
1594 2694 1637 2719 os
1656 2679 1871 2730 Catfruti).

333 2753 382 2791 In
416 2750 567 2791 codicis
592 2748 895 2789 Liehfeldensis
917 2749 1155 2789 ‘vetustioris
1178 2750 1339 2789 duabus
1362 2749 1567 2802 ejusmodi
1589 2748 1876 2801 descriptioni-

331 2822 408 2861 bus
440 2820 714 2861 nominantur
746 2819 821 2859 soli
854 2819 1035 2867 termini,
1059 2820 1110 2859 ad
1133 2834 1235 2872 quos
1257 2820 1472 2859 ducuntur
1492 2820 1597 2858 fines
1620 2817 1875 2858 circumseri·

331 2892 476 2930 bentes
506 2890 711 2931 ambitum
742 2889 844 2944 agri.
898 2890 1014 2934 Quas
1045 2890 1096 2929 ob
1126 2896 1378 2929 vetustatem
1410 2896 1450 2928 et
1480 2903 1653 2929 manum
1684 2902 1878 2928 coaevam
