1920 3220
623 918 927 984 LIBER
975 917 1370 984 SEXTUS.

592 1214 694 1266 DE
752 1212 903 1267 CON
908 1211 1340 1267 STRUCTION
1344 1212 1409 1264 Ε.

342 1381 623 1420 Monumenta
662 1378 878 1418 literarum
918 1380 1030 1432 apud
1071 1378 1272 1432 populos,
1317 1377 1390 1431 qui
1430 1376 1487 1417 eis
1529 1377 1772 1426 utebantur,

227 1450 381 1504 scripta
409 1456 523 1498 sunt,
559 1464 612 1489 ex
640 1463 721 1502 quo
752 1455 935 1498 exstant,
971 1457 1043 1489 aut
1073 1449 1118 1488 in
1149 1448 1335 1488 oratione
1364 1447 1592 1495 communi,
1617 1447 1698 1496 vel,
1729 1455 1777 1487 ut

227 1521 389 1570 dicunt,
416 1520 567 1569 soluta,
592 1534 715 1573 prosa
744 1519 945 1568 oratione,
971 1527 1045 1559 aut
1075 1519 1119 1558 in
1146 1518 1308 1572 poetica
1330 1519 1395 1558 vel
1417 1518 1561 1571 ligata.
1606 1517 1777 1557 Inveni-

228 1599 296 1631 tur
330 1591 433 1630 haec
469 1590 703 1630 differentia
738 1589 865 1629 etiam
899 1590 1071 1630 celticae
1101 1589 1321 1638 orationis,
1355 1603 1406 1628 ex
1436 1602 1517 1641 quo
1545 1587 1623 1627 viri
1650 1587 1777 1641 hujus

226 1662 397 1715 linguae
424 1660 556 1701 literis
586 1661 785 1701 mandare
816 1675 891 1700 sua
921 1667 1165 1714 coeperunt,
1189 1659 1352 1712 fuitque
1383 1657 1560 1698 vetustis
1584 1657 1778 1711 tempori-

226 1733 320 1781 bus,
341 1747 437 1772 cum
458 1731 617 1784 priscae
635 1731 772 1785 gentis
791 1731 1073 1771 adolescentes
1092 1729 1336 1783 disciplinae
1354 1728 1566 1768 Druidum
1584 1727 1776 1776 studiosi,

228 1810 332 1843 teste
353 1803 377 1842 J
383 1802 470 1842 ulio
492 1803 683 1850 Caesare,
708 1816 912 1855 magnum
934 1815 1158 1842 numerum
1180 1814 1379 1840 versuum
1401 1798 1654 1847 ediscebant,
1676 1812 1778 1851 quos

227 1873 358 1913 literis
389 1873 588 1912 mandare
623 1872 684 1912 fas
716 1886 804 1912 esse
834 1886 921 1912 non
952 1872 1265 1912 existimabant.
1319 1869 1549 1922 Utriusque
1581 1868 1779 1909 orationis

226 1942 457 1997 proprietas
489 1950 530 1982 et
554 1942 700 1990 forma,
727 1942 982 1982 constructio
1006 1950 1091 1982 tam
1112 1955 1257 1995 prosae
1280 1940 1478 1980 orationis
1502 1953 1628 1992 quam
1648 1938 1779 1992 poeti-

227 2028 298 2053 cae
321 2014 433 2066 apud
455 2012 621 2053 celticos
643 2012 836 2066 populos,
857 2011 984 2065 hujus
1006 2012 1102 2053 libri
1123 2013 1302 2052 duorum
1323 2010 1510 2064 capitum
1531 2015 1778 2063 argumenta

229 2090 343 2123 sunt.

712 2420 942 2466 CAPUT
986 2420 1291 2466 PRIMUM.

543 2557 618 2601 De
644 2555 1000 2601 constructione
1025 2570 1193 2615 prosae
1219 2553 1463 2599 orationis.

344 2703 612 2745 Constructio
634 2717 779 2757 prosae
801 2701 1000 2742 orationis
1023 2708 1087 2741 est
1107 2700 1322 2741 collocatio
1344 2714 1494 2739 vocum
1515 2699 1581 2739 vel
1597 2699 1780 2753 partium

231 2774 429 2815 orationis
460 2774 504 2813 in
537 2772 768 2813 sententias
799 2772 1023 2825 simplices,
1050 2771 1237 2825 duplices
1268 2771 1333 2811 vel
1357 2770 1611 2824 multiplices
1634 2785 1780 2810 sccun-

231 2846 333 2883 (lum
370 2843 541 2883 solitum
576 2843 746 2896 linguae
778 2858 901 2883 usum
931 2843 1087 2896 absque
1117 2841 1251 2881 modis
1279 2841 1478 2881 orationis
1506 2841 1674 2895 ligatae.
1728 2841 1781 2880 In

230 2913 308 2954 hac
328 2928 427 2967 prae
449 2913 645 2954 omnibus
667 2913 760 2954 aliis
782 2913 1024 2966 linguarum
1047 2912 1289 2953 celticarum
1305 2911 1536 2965 percipitur
1551 2911 1781 2965 proprietas
