<?xml version="1.0" encoding="UTF-8"?>
<!DOCTYPE html PUBLIC "-//W3C//DTD XHTML 1.0 Transitional//EN"
    "http://www.w3.org/TR/xhtml1/DTD/xhtml1-transitional.dtd">
<html xmlns="http://www.w3.org/1999/xhtml" xml:lang="en" lang="en">
 <head>
  <title>
</title>
<meta http-equiv="Content-Type" content="text/html;charset=utf-8" />
  <meta name='ocr-system' content='tesseract 3.04.00' />
  <meta name='ocr-capabilities' content='ocr_page ocr_carea ocr_par ocr_line ocrx_word'/>
</head>
<body>
  <div class='ocr_page' id='page_1' title='image "./grammaticaceltic02zeus_0371.png"; bbox 0 0 1920 3220; ppageno 0'>
   <div class='ocr_carea' id='block_1_1' title="bbox 421 167 1675 211">
    <p class='ocr_par' dir='ltr' id='par_1_1' title="bbox 421 167 1675 211">
     <span class='ocr_line' id='line_1_1' title="bbox 421 167 1675 211; baseline -0.006 -1"><span class='ocrx_word' id='word_1_1' title='bbox 421 173 499 211; x_wconf 67' lang='lat' dir='ltr'>VI.</span> <span class='ocrx_word' id='word_1_2' title='bbox 527 176 565 210; x_wconf 76' lang='lat'>2.</span> <span class='ocrx_word' id='word_1_3' title='bbox 609 183 903 211; x_wconf 73' lang='lat' dir='ltr'><strong>CONSTRUCTIO</strong></span> <span class='ocrx_word' id='word_1_4' title='bbox 928 184 1107 209; x_wconf 54' lang='lat' dir='ltr'>romum</span> <span class='ocrx_word' id='word_1_5' title='bbox 1132 183 1391 209; x_wconf 50' lang='lat' dir='ltr'>minumum.</span> <span class='ocrx_word' id='word_1_6' title='bbox 1601 167 1675 204; x_wconf 73' lang='lat'>921</span> 
     </span>
    </p>
   </div>
   <div class='ocr_carea' id='block_1_2' title="bbox 277 280 1524 540">
    <p class='ocr_par' dir='ltr' id='par_1_2' title="bbox 277 280 1524 540">
     <span class='ocr_line' id='line_1_2' title="bbox 334 280 1394 339; baseline -0.003 -16"><span class='ocrx_word' id='word_1_7' title='bbox 334 289 454 323; x_wconf 81' lang='lat' dir='ltr'>Beata</span> <span class='ocrx_word' id='word_1_8' title='bbox 482 283 485 339; x_wconf 95' lang='grc' dir='ltr'>Ι</span> <span class='ocrx_word' id='word_1_9' title='bbox 515 286 659 323; x_wconf 79' lang='lat' dir='ltr'>Christi</span> <span class='ocrx_word' id='word_1_10' title='bbox 686 282 689 337; x_wconf 95' lang='grc' dir='ltr'>Ι</span> <span class='ocrx_word' id='word_1_11' title='bbox 719 285 887 322; x_wconf 84' lang='lat' dir='ltr'>custodit</span> <span class='ocrx_word' id='word_1_12' title='bbox 909 280 922 336; x_wconf 95' lang='grc' dir='ltr'>ΙΙ</span> <span class='ocrx_word' id='word_1_13' title='bbox 945 286 1124 321; x_wconf 74' lang='lat' dir='ltr'>mandata</span> <span class='ocrx_word' id='word_1_14' title='bbox 1147 285 1185 321; x_wconf 90' lang='lat' dir='ltr'>in</span> <span class='ocrx_word' id='word_1_15' title='bbox 1207 285 1394 329; x_wconf 68' lang='lat' dir='ltr'>omnibus,</span> 
     </span>
     <span class='ocr_line' id='line_1_3' title="bbox 279 347 1384 404; baseline -0.003 -14"><span class='ocrx_word' id='word_1_16' title='bbox 279 352 281 404; x_wconf 95' lang='grc' dir='ltr'>Ι</span> <span class='ocrx_word' id='word_1_17' title='bbox 309 355 432 402; x_wconf 87' lang='lat' dir='ltr'>Cujus</span> <span class='ocrx_word' id='word_1_18' title='bbox 457 355 460 402; x_wconf 92' lang='grc' dir='ltr'>Ι</span> <span class='ocrx_word' id='word_1_19' title='bbox 486 367 600 401; x_wconf 82' lang='lat' dir='ltr'>opera</span> <span class='ocrx_word' id='word_1_20' title='bbox 621 353 813 400; x_wconf 76' lang='lat' dir='ltr'><strong>refulgent</strong></span> <span class='ocrx_word' id='word_1_21' title='bbox 838 347 848 403; x_wconf 94' lang='grc' dir='ltr'>ΙΙ</span> <span class='ocrx_word' id='word_1_22' title='bbox 898 348 901 403; x_wconf 93' lang='grc' dir='ltr'>Ι</span> <span class='ocrx_word' id='word_1_23' title='bbox 930 352 1031 388; x_wconf 76' lang='lat' dir='ltr'>clara</span> <span class='ocrx_word' id='word_1_24' title='bbox 1052 352 1151 389; x_wconf 86' lang='lat' dir='ltr'>inter</span> <span class='ocrx_word' id='word_1_25' title='bbox 1175 352 1176 365; x_wconf 64' lang='lat'>¹</span> <span class='ocrx_word' id='word_1_26' title='bbox 1201 354 1384 393; x_wconf 75' lang='lat' dir='ltr'>homines,</span> 
     </span>
     <span class='ocr_line' id='line_1_4' title="bbox 280 415 1524 471; baseline -0.002 -13"><span class='ocrx_word' id='word_1_27' title='bbox 280 420 282 471; x_wconf 74' lang='grc' dir='ltr'>Ι</span> <span class='ocrx_word' id='word_1_28' title='bbox 309 424 567 468; x_wconf 69' lang='lat' dir='ltr'>Sanctamque</span> <span class='ocrx_word' id='word_1_29' title='bbox 590 422 701 469; x_wconf 83' lang='lat' dir='ltr'>cujus</span> <span class='ocrx_word' id='word_1_30' title='bbox 730 417 733 471; x_wconf 96' lang='grc' dir='ltr'>Ι</span> <span class='ocrx_word' id='word_1_31' title='bbox 762 425 977 467; x_wconf 85' lang='lat' dir='ltr'>sequuntur</span> <span class='ocrx_word' id='word_1_32' title='bbox 1000 415 1012 471; x_wconf 98' lang='grc' dir='ltr'>ΙΙ</span> <span class='ocrx_word' id='word_1_33' title='bbox 1036 421 1254 468; x_wconf 77' lang='lat' dir='ltr'>exemplum</span> <span class='ocrx_word' id='word_1_34' title='bbox 1281 420 1286 469; x_wconf 98' lang='grc' dir='ltr'>Ι</span> <span class='ocrx_word' id='word_1_35' title='bbox 1314 421 1524 461; x_wconf 75' lang='lat' dir='ltr'>mirificum,</span> 
     </span>
     <span class='ocr_line' id='line_1_5' title="bbox 277 483 1409 540; baseline -0.003 -14"><span class='ocrx_word' id='word_1_36' title='bbox 277 490 390 526; x_wconf 84' lang='lat' dir='ltr'>Unde</span> <span class='ocrx_word' id='word_1_37' title='bbox 414 495 451 525; x_wconf 84' lang='lat' dir='ltr'>et</span> <span class='ocrx_word' id='word_1_38' title='bbox 472 488 511 524; x_wconf 89' lang='lat' dir='ltr'>in</span> <span class='ocrx_word' id='word_1_39' title='bbox 533 488 648 525; x_wconf 77' lang='lat' dir='ltr'>coelis</span> <span class='ocrx_word' id='word_1_40' title='bbox 669 494 817 537; x_wconf 84' lang='lat' dir='ltr'>patrem</span> <span class='ocrx_word' id='word_1_41' title='bbox 840 483 852 540; x_wconf 98' lang='grc' dir='ltr'>ΙΙ</span> <span class='ocrx_word' id='word_1_42' title='bbox 902 484 905 540; x_wconf 96' lang='grc' dir='ltr'>Ι</span> <span class='ocrx_word' id='word_1_43' title='bbox 932 487 1179 535; x_wconf 82' lang='lat' dir='ltr'>magnificant</span> <span class='ocrx_word' id='word_1_44' title='bbox 1201 488 1409 523; x_wconf 72' lang='lat' dir='ltr'>dominum.</span> 
     </span>
    </p>
   </div>
   <div class='ocr_carea' id='block_1_3' title="bbox 129 586 1683 995">
    <p class='ocr_par' dir='ltr' id='par_1_3' title="bbox 132 586 1683 847">
     <span class='ocr_line' id='line_1_6' title="bbox 246 586 1681 642; baseline -0.004 -12"><span class='ocrx_word' id='word_1_45' title='bbox 246 590 358 630; x_wconf 84' lang='lat' dir='ltr'>Sunt</span> <span class='ocrx_word' id='word_1_46' title='bbox 388 589 445 629; x_wconf 81' lang='lat' dir='ltr'>ita</span> <span class='ocrx_word' id='word_1_47' title='bbox 478 589 671 642; x_wconf 77' lang='lat' dir='ltr'>strophae</span> <span class='ocrx_word' id='word_1_48' title='bbox 693 603 826 641; x_wconf 85' lang='lat' dir='ltr'>usque</span> <span class='ocrx_word' id='word_1_49' title='bbox 847 589 899 628; x_wconf 88' lang='lat' dir='ltr'>ad</span> <span class='ocrx_word' id='word_1_50' title='bbox 922 590 954 628; x_wconf 85' lang='lat' dir='ltr'><strong>Z</strong></span> <span class='ocrx_word' id='word_1_51' title='bbox 978 603 1074 627; x_wconf 90' lang='lat' dir='ltr'>cum</span> <span class='ocrx_word' id='word_1_52' title='bbox 1096 588 1283 627; x_wconf 83' lang='lat' dir='ltr'>versibus</span> <span class='ocrx_word' id='word_1_53' title='bbox 1306 595 1500 640; x_wconf 84' lang='lat' dir='ltr'>quatuor,</span> <span class='ocrx_word' id='word_1_54' title='bbox 1525 586 1569 626; x_wconf 89' lang='grc'>111</span> <span class='ocrx_word' id='word_1_55' title='bbox 1592 586 1681 639; x_wconf 86' lang='lat' dir='ltr'>qui-</span> 
     </span>
     <span class='ocr_line' id='line_1_7' title="bbox 132 656 1683 712; baseline -0.004 -11"><span class='ocrx_word' id='word_1_56' title='bbox 132 663 209 701; x_wconf 87' lang='lat' dir='ltr'>bus</span> <span class='ocrx_word' id='word_1_57' title='bbox 239 661 473 700; x_wconf 75' lang='lat' dir='ltr'>membrum</span> <span class='ocrx_word' id='word_1_58' title='bbox 500 659 615 712; x_wconf 91' lang='lat' dir='ltr'>prius</span> <span class='ocrx_word' id='word_1_59' title='bbox 638 658 825 697; x_wconf 84' lang='lat' dir='ltr'>continet</span> <span class='ocrx_word' id='word_1_60' title='bbox 847 666 938 698; x_wconf 90' lang='grc'>0010</span> <span class='ocrx_word' id='word_1_61' title='bbox 961 659 1156 712; x_wconf 69' lang='lat' dir='ltr'>syllabas,</span> <span class='ocrx_word' id='word_1_62' title='bbox 1182 656 1388 710; x_wconf 75' lang='lat' dir='ltr'><strong>posterius</strong></span> <span class='ocrx_word' id='word_1_63' title='bbox 1411 664 1584 710; x_wconf 86' lang='lat' dir='ltr'>septem.</span> <span class='ocrx_word' id='word_1_64' title='bbox 1631 657 1683 695; x_wconf 91' lang='lat' dir='ltr'>Iu</span> 
     </span>
     <span class='ocr_line' id='line_1_8' title="bbox 132 726 1683 782; baseline -0.005 -11"><span class='ocrx_word' id='word_1_65' title='bbox 132 732 315 771; x_wconf 83' lang='lat' dir='ltr'>secundo</span> <span class='ocrx_word' id='word_1_66' title='bbox 337 744 459 769; x_wconf 78' lang='lat' dir='ltr'>versu</span> <span class='ocrx_word' id='word_1_67' title='bbox 480 729 639 782; x_wconf 87' lang='lat' dir='ltr'>primae</span> <span class='ocrx_word' id='word_1_68' title='bbox 662 728 858 781; x_wconf 89' lang='lat' dir='ltr'>strophae</span> <span class='ocrx_word' id='word_1_69' title='bbox 881 729 1135 782; x_wconf 69' lang='lat' dir='ltr'>syllabarum</span> <span class='ocrx_word' id='word_1_70' title='bbox 1152 727 1258 767; x_wconf 86' lang='lat' dir='ltr'>ratio</span> <span class='ocrx_word' id='word_1_71' title='bbox 1276 727 1443 766; x_wconf 47' lang='lat' dir='ltr'>Patrico?</span> <span class='ocrx_word' id='word_1_72' title='bbox 1458 726 1592 780; x_wconf 86' lang='lat' dir='ltr'>poscit</span> <span class='ocrx_word' id='word_1_73' title='bbox 1609 740 1683 779; x_wconf 91' lang='lat' dir='ltr'>pro</span> 
     </span>
     <span class='ocr_line' id='line_1_9' title="bbox 132 797 1359 847; baseline -0.004 -6"><span class='ocrx_word' id='word_1_74' title='bbox 132 800 341 847; x_wconf 72' lang='lat' dir='ltr'>Palre&#39;cz&#39;z&#39;,·</span> <span class='ocrx_word' id='word_1_75' title='bbox 366 814 452 839; x_wconf 92' lang='grc'>11011</span> <span class='ocrx_word' id='word_1_76' title='bbox 475 799 587 838; x_wconf 86' lang='grc'>0111111</span> <span class='ocrx_word' id='word_1_77' title='bbox 610 798 731 838; x_wconf 88' lang='lat' dir='ltr'>solita</span> <span class='ocrx_word' id='word_1_78' title='bbox 753 806 815 838; x_wconf 86' lang='lat' dir='ltr'>est</span> <span class='ocrx_word' id='word_1_79' title='bbox 837 799 881 838; x_wconf 91' lang='grc'>111</span> <span class='ocrx_word' id='word_1_80' title='bbox 903 799 969 839; x_wconf 89' lang='lat' dir='ltr'>his</span> <span class='ocrx_word' id='word_1_81' title='bbox 992 798 1109 838; x_wconf 87' lang='lat' dir='ltr'>elisio</span> <span class='ocrx_word' id='word_1_82' title='bbox 1131 797 1359 837; x_wconf 83' lang='lat' dir='ltr'>vocalium:</span> 
     </span>
    </p>

    <p class='ocr_par' dir='ltr' id='par_1_4' title="bbox 129 864 1683 995">
     <span class='ocr_line' id='line_1_10' title="bbox 246 864 1683 922; baseline -0.005 -12"><span class='ocrx_word' id='word_1_83' title='bbox 246 872 347 910; x_wconf 89' lang='lat' dir='ltr'>Post</span> <span class='ocrx_word' id='word_1_84' title='bbox 370 868 584 922; x_wconf 77' lang='lat' dir='ltr'>stropham</span> <span class='ocrx_word' id='word_1_85' title='bbox 616 869 648 908; x_wconf 89' lang='lat' dir='ltr'><strong>Z</strong></span> <span class='ocrx_word' id='word_1_86' title='bbox 679 869 792 921; x_wconf 84' lang='lat' dir='ltr'>apud</span> <span class='ocrx_word' id='word_1_87' title='bbox 823 869 1106 909; x_wconf 80' lang='lat' dir='ltr'>Muratorium</span> <span class='ocrx_word' id='word_1_88' title='bbox 1137 868 1316 918; x_wconf 74' lang='lat' dir='ltr'>(Anecd.</span> <span class='ocrx_word' id='word_1_89' title='bbox 1354 866 1496 907; x_wconf 87' lang='lat' dir='ltr'>Latin.</span> <span class='ocrx_word' id='word_1_90' title='bbox 1523 866 1604 917; x_wconf 91' lang='lat' dir='ltr'>IV)</span> <span class='ocrx_word' id='word_1_91' title='bbox 1627 864 1683 903; x_wconf 91' lang='lat' dir='ltr'>le-</span> 
     </span>
     <span class='ocr_line' id='line_1_11' title="bbox 129 938 1231 995; baseline -0.003 -15"><span class='ocrx_word' id='word_1_92' title='bbox 129 941 243 995; x_wconf 80' lang='lat' dir='ltr'>gitur</span> <span class='ocrx_word' id='word_1_93' title='bbox 264 939 444 993; x_wconf 87' lang='lat' dir='ltr'>amplius</span> <span class='ocrx_word' id='word_1_94' title='bbox 466 939 582 987; x_wconf 79' lang='lat' dir='ltr'>haec,</span> <span class='ocrx_word' id='word_1_95' title='bbox 609 939 659 978; x_wconf 86' lang='lat' dir='ltr'>ab</span> <span class='ocrx_word' id='word_1_96' title='bbox 682 939 763 979; x_wconf 83' lang='lat' dir='ltr'>alio</span> <span class='ocrx_word' id='word_1_97' title='bbox 786 939 898 979; x_wconf 83' lang='lat' dir='ltr'>haud</span> <span class='ocrx_word' id='word_1_98' title='bbox 921 939 1045 979; x_wconf 89' lang='lat' dir='ltr'>dubie</span> <span class='ocrx_word' id='word_1_99' title='bbox 1067 938 1231 978; x_wconf 86' lang='lat' dir='ltr'>addita:</span> 
     </span>
    </p>
   </div>
   <div class='ocr_carea' id='block_1_4' title="bbox 328 1027 1524 1287">
    <p class='ocr_par' dir='ltr' id='par_1_5' title="bbox 329 1027 1524 1219">
     <span class='ocr_line' id='line_1_12' title="bbox 386 1027 1507 1084; baseline -0.004 -16"><span class='ocrx_word' id='word_1_100' title='bbox 386 1032 573 1069; x_wconf 78' lang='lat' dir='ltr'>Patricius</span> <span class='ocrx_word' id='word_1_101' title='bbox 603 1028 605 1083; x_wconf 95' lang='grc' dir='ltr'>Ι</span> <span class='ocrx_word' id='word_1_102' title='bbox 634 1033 835 1080; x_wconf 77' lang='lat' dir='ltr'>episcopus</span> <span class='ocrx_word' id='word_1_103' title='bbox 859 1029 870 1084; x_wconf 94' lang='grc' dir='ltr'>ΙΙ</span> <span class='ocrx_word' id='word_1_104' title='bbox 920 1029 924 1084; x_wconf 88' lang='grc' dir='ltr'>Ι</span> <span class='ocrx_word' id='word_1_105' title='bbox 953 1037 1034 1068; x_wconf 82' lang='lat' dir='ltr'>oret</span> <span class='ocrx_word' id='word_1_106' title='bbox 1057 1044 1126 1080; x_wconf 88' lang='lat' dir='ltr'>pro</span> <span class='ocrx_word' id='word_1_107' title='bbox 1147 1031 1258 1067; x_wconf 88' lang='lat' dir='ltr'>nobis</span> <span class='ocrx_word' id='word_1_108' title='bbox 1287 1027 1290 1082; x_wconf 94' lang='grc' dir='ltr'>Ι</span> <span class='ocrx_word' id='word_1_109' title='bbox 1319 1030 1507 1073; x_wconf 68' lang='lat' dir='ltr'>omnibus,</span> 
     </span>
     <span class='ocr_line' id='line_1_13' title="bbox 329 1096 1524 1152; baseline -0.005 -15"><span class='ocrx_word' id='word_1_110' title='bbox 329 1103 383 1137; x_wconf 82' lang='lat' dir='ltr'>Ut</span> <span class='ocrx_word' id='word_1_111' title='bbox 406 1100 605 1135; x_wconf 82' lang='lat' dir='ltr'>deleantur</span> <span class='ocrx_word' id='word_1_112' title='bbox 633 1096 636 1151; x_wconf 94' lang='grc' dir='ltr'>Ι</span> <span class='ocrx_word' id='word_1_113' title='bbox 663 1100 836 1147; x_wconf 75' lang='lat' dir='ltr'>protinus</span> <span class='ocrx_word' id='word_1_114' title='bbox 859 1097 871 1152; x_wconf 96' lang='grc' dir='ltr'>ΙΙ</span> <span class='ocrx_word' id='word_1_115' title='bbox 921 1096 924 1151; x_wconf 94' lang='grc' dir='ltr'>Ι</span> <span class='ocrx_word' id='word_1_116' title='bbox 951 1104 1108 1147; x_wconf 84' lang='lat' dir='ltr'>peecata</span> <span class='ocrx_word' id='word_1_117' title='bbox 1130 1112 1228 1146; x_wconf 82' lang='lat' dir='ltr'>quae</span> <span class='ocrx_word' id='word_1_118' title='bbox 1250 1097 1524 1134; x_wconf 73' lang='lat' dir='ltr'>commisimus.</span> 
     </span>
     <span class='ocr_line' id='line_1_14' title="bbox 329 1164 1096 1219; baseline -0.001 -16"><span class='ocrx_word' id='word_1_119' title='bbox 329 1167 469 1204; x_wconf 76' lang='lat' dir='ltr'>Patrici</span> <span class='ocrx_word' id='word_1_120' title='bbox 490 1167 624 1203; x_wconf 86' lang='lat' dir='ltr'>laudes</span> <span class='ocrx_word' id='word_1_121' title='bbox 650 1164 660 1219; x_wconf 90' lang='grc' dir='ltr'>ΙΙ</span> <span class='ocrx_word' id='word_1_122' title='bbox 711 1164 714 1219; x_wconf 94' lang='grc' dir='ltr'>Ι</span> <span class='ocrx_word' id='word_1_123' title='bbox 743 1180 893 1215; x_wconf 81' lang='lat' dir='ltr'>semper</span> <span class='ocrx_word' id='word_1_124' title='bbox 915 1168 1096 1210; x_wconf 73' lang='lat' dir='ltr'>dicamus,</span> 
     </span>
    </p>

    <p class='ocr_par' dir='ltr' id='par_1_6' title="bbox 328 1231 1144 1287">
     <span class='ocr_line' id='line_1_15' title="bbox 328 1231 1144 1287; baseline -0.001 -17"><span class='ocrx_word' id='word_1_125' title='bbox 328 1237 383 1271; x_wconf 76' lang='lat' dir='ltr'>Ut</span> <span class='ocrx_word' id='word_1_126' title='bbox 404 1248 474 1271; x_wconf 88' lang='lat' dir='ltr'>nos</span> <span class='ocrx_word' id='word_1_127' title='bbox 497 1248 584 1271; x_wconf 88' lang='grc'>011111</span> <span class='ocrx_word' id='word_1_128' title='bbox 605 1235 671 1270; x_wconf 95' lang='grc'>1110</span> <span class='ocrx_word' id='word_1_129' title='bbox 696 1231 708 1287; x_wconf 97' lang='grc' dir='ltr'>ΙΙ</span> <span class='ocrx_word' id='word_1_130' title='bbox 757 1231 760 1286; x_wconf 96' lang='grc' dir='ltr'>Ι</span> <span class='ocrx_word' id='word_1_131' title='bbox 790 1248 940 1283; x_wconf 86' lang='lat' dir='ltr'>semper</span> <span class='ocrx_word' id='word_1_132' title='bbox 960 1235 1144 1270; x_wconf 73' lang='lat' dir='ltr'>vivamus.</span> 
     </span>
    </p>
   </div>
   <div class='ocr_carea' id='block_1_5' title="bbox 127 1332 1683 2090">
    <p class='ocr_par' dir='ltr' id='par_1_7' title="bbox 127 1332 1682 1668">
     <span class='ocr_line' id='line_1_16' title="bbox 127 1332 1682 1387; baseline -0.003 -13"><span class='ocrx_word' id='word_1_133' title='bbox 127 1335 260 1374; x_wconf 84' lang='lat' dir='ltr'>Adest</span> <span class='ocrx_word' id='word_1_134' title='bbox 281 1333 394 1374; x_wconf 88' lang='lat' dir='ltr'>enim</span> <span class='ocrx_word' id='word_1_135' title='bbox 424 1333 551 1374; x_wconf 88' lang='lat' dir='ltr'>etiam</span> <span class='ocrx_word' id='word_1_136' title='bbox 584 1332 756 1373; x_wconf 89' lang='grc'>0111111110</span> <span class='ocrx_word' id='word_1_137' title='bbox 785 1332 972 1373; x_wconf 84' lang='lat' dir='ltr'>diversus</span> <span class='ocrx_word' id='word_1_138' title='bbox 1002 1333 1256 1387; x_wconf 64' lang='lat' dir='ltr'>syllabarum</span> <span class='ocrx_word' id='word_1_139' title='bbox 1285 1346 1487 1372; x_wconf 87' lang='lat' dir='ltr'>numerus</span> <span class='ocrx_word' id='word_1_140' title='bbox 1511 1339 1551 1371; x_wconf 88' lang='lat' dir='ltr'>et</span> <span class='ocrx_word' id='word_1_141' title='bbox 1573 1346 1682 1371; x_wconf 87' lang='lat' dir='ltr'>asso-</span> 
     </span>
     <span class='ocr_line' id='line_1_17' title="bbox 127 1402 1682 1456; baseline -0.002 -12"><span class='ocrx_word' id='word_1_142' title='bbox 127 1404 298 1444; x_wconf 85' lang='lat' dir='ltr'>nantiae</span> <span class='ocrx_word' id='word_1_143' title='bbox 319 1404 458 1444; x_wconf 81' lang='lat' dir='ltr'>finalis</span> <span class='ocrx_word' id='word_1_144' title='bbox 482 1405 645 1444; x_wconf 87' lang='lat' dir='ltr'>modus.</span> <span class='ocrx_word' id='word_1_145' title='bbox 692 1404 743 1443; x_wconf 88' lang='grc' dir='ltr'>Ι11</span> <span class='ocrx_word' id='word_1_146' title='bbox 767 1404 929 1443; x_wconf 88' lang='lat' dir='ltr'>duobus</span> <span class='ocrx_word' id='word_1_147' title='bbox 953 1403 1159 1456; x_wconf 82' lang='lat' dir='ltr'>prioribus</span> <span class='ocrx_word' id='word_1_148' title='bbox 1183 1402 1370 1442; x_wconf 75' lang='lat' dir='ltr'>versibus</span> <span class='ocrx_word' id='word_1_149' title='bbox 1387 1402 1548 1456; x_wconf 87' lang='lat' dir='ltr'>junctis</span> <span class='ocrx_word' id='word_1_150' title='bbox 1571 1416 1682 1441; x_wconf 87' lang='lat' dir='ltr'>asso-</span> 
     </span>
     <span class='ocr_line' id='line_1_18' title="bbox 128 1472 1682 1528; baseline -0.002 -15"><span class='ocrx_word' id='word_1_151' title='bbox 128 1474 274 1514; x_wconf 86' lang='lat' dir='ltr'>nantia</span> <span class='ocrx_word' id='word_1_152' title='bbox 307 1475 544 1528; x_wconf 75' lang='lat' dir='ltr'>copulativa</span> <span class='ocrx_word' id='word_1_153' title='bbox 575 1474 888 1528; x_wconf 67' lang='lat' dir='ltr'>monosyllaba,</span> <span class='ocrx_word' id='word_1_154' title='bbox 925 1475 996 1514; x_wconf 91' lang='lat' dir='ltr'>sed</span> <span class='ocrx_word' id='word_1_155' title='bbox 1029 1473 1203 1527; x_wconf 80' lang='lat' dir='ltr'>duplici,</span> <span class='ocrx_word' id='word_1_156' title='bbox 1239 1472 1415 1526; x_wconf 82' lang='lat' dir='ltr'>quodvis</span> <span class='ocrx_word' id='word_1_157' title='bbox 1446 1472 1682 1511; x_wconf 87' lang='lat' dir='ltr'>membrum</span> 
     </span>
     <span class='ocr_line' id='line_1_19' title="bbox 127 1541 1679 1598; baseline -0.003 -14"><span class='ocrx_word' id='word_1_158' title='bbox 127 1553 219 1585; x_wconf 87' lang='lat' dir='ltr'>octo</span> <span class='ocrx_word' id='word_1_159' title='bbox 243 1545 422 1598; x_wconf 72' lang='lat' dir='ltr'>syllabas</span> <span class='ocrx_word' id='word_1_160' title='bbox 445 1552 653 1592; x_wconf 84' lang='lat' dir='ltr'>numerat,</span> <span class='ocrx_word' id='word_1_161' title='bbox 675 1544 719 1584; x_wconf 90' lang='lat' dir='ltr'>in</span> <span class='ocrx_word' id='word_1_162' title='bbox 736 1544 1034 1598; x_wconf 84' lang='lat' dir='ltr'>posterioribus</span> <span class='ocrx_word' id='word_1_163' title='bbox 1046 1543 1207 1597; x_wconf 87' lang='lat' dir='ltr'>junctis</span> <span class='ocrx_word' id='word_1_164' title='bbox 1225 1542 1466 1584; x_wconf 86' lang='lat' dir='ltr'>assonantia</span> <span class='ocrx_word' id='word_1_165' title='bbox 1483 1541 1679 1595; x_wconf 88' lang='lat' dir='ltr'>simplici,</span> 
     </span>
     <span class='ocr_line' id='line_1_20' title="bbox 129 1614 1314 1668; baseline -0.002 -13"><span class='ocrx_word' id='word_1_166' title='bbox 129 1616 200 1655; x_wconf 90' lang='lat' dir='ltr'>sed</span> <span class='ocrx_word' id='word_1_167' title='bbox 221 1615 440 1668; x_wconf 83' lang='lat' dir='ltr'>bisyllaba,</span> <span class='ocrx_word' id='word_1_168' title='bbox 466 1614 643 1667; x_wconf 65' lang='lat' dir='ltr'>quodvis</span> <span class='ocrx_word' id='word_1_169' title='bbox 665 1616 900 1654; x_wconf 88' lang='lat' dir='ltr'>membrum</span> <span class='ocrx_word' id='word_1_170' title='bbox 923 1615 1109 1667; x_wconf 86' lang='lat' dir='ltr'>quinque</span> <span class='ocrx_word' id='word_1_171' title='bbox 1132 1621 1314 1654; x_wconf 86' lang='lat' dir='ltr'>tantum.</span> 
     </span>
    </p>

    <p class='ocr_par' dir='ltr' id='par_1_8' title="bbox 127 1681 1683 2090">
     <span class='ocr_line' id='line_1_21' title="bbox 243 1681 1683 1733; baseline -0.003 -8"><span class='ocrx_word' id='word_1_172' title='bbox 243 1685 556 1732; x_wconf 85' lang='lat' dir='ltr'>Columbanus,</span> <span class='ocrx_word' id='word_1_173' title='bbox 597 1683 837 1724; x_wconf 89' lang='lat' dir='ltr'>hibernicus</span> <span class='ocrx_word' id='word_1_174' title='bbox 887 1683 1142 1733; x_wconf 84' lang='lat' dir='ltr'>monachus,</span> <span class='ocrx_word' id='word_1_175' title='bbox 1182 1683 1427 1724; x_wconf 82' lang='lat' dir='ltr'>monasterii</span> <span class='ocrx_word' id='word_1_176' title='bbox 1462 1681 1683 1722; x_wconf 86' lang='lat' dir='ltr'>Bobiensis</span> 
     </span>
     <span class='ocr_line' id='line_1_22' title="bbox 128 1752 1681 1808; baseline -0.004 -12"><span class='ocrx_word' id='word_1_177' title='bbox 128 1757 326 1796; x_wconf 87' lang='lat' dir='ltr'>fundator</span> <span class='ocrx_word' id='word_1_178' title='bbox 356 1754 477 1807; x_wconf 82' lang='lat' dir='ltr'>(obiit</span> <span class='ocrx_word' id='word_1_179' title='bbox 508 1769 544 1793; x_wconf 88' lang='lat' dir='ltr'>a.</span> <span class='ocrx_word' id='word_1_180' title='bbox 574 1757 695 1806; x_wconf 76' lang='lat'>614),</span> <span class='ocrx_word' id='word_1_181' title='bbox 722 1753 849 1793; x_wconf 85' lang='lat' dir='ltr'>etiam</span> <span class='ocrx_word' id='word_1_182' title='bbox 878 1761 964 1794; x_wconf 87' lang='lat' dir='ltr'>arte</span> <span class='ocrx_word' id='word_1_183' title='bbox 996 1753 1158 1808; x_wconf 74' lang='lat' dir='ltr'>poetica</span> <span class='ocrx_word' id='word_1_184' title='bbox 1194 1753 1407 1793; x_wconf 76' lang='lat' dir='ltr'>excelluit.</span> <span class='ocrx_word' id='word_1_185' title='bbox 1452 1752 1557 1806; x_wconf 88' lang='lat' dir='ltr'>Ejus</span> <span class='ocrx_word' id='word_1_186' title='bbox 1594 1766 1681 1791; x_wconf 91' lang='lat' dir='ltr'>mo-</span> 
     </span>
     <span class='ocr_line' id='line_1_23' title="bbox 128 1822 1682 1879; baseline -0.003 -13"><span class='ocrx_word' id='word_1_187' title='bbox 128 1826 321 1866; x_wconf 84' lang='lat' dir='ltr'>nosticha</span> <span class='ocrx_word' id='word_1_188' title='bbox 368 1840 474 1879; x_wconf 87' lang='lat' dir='ltr'>quae</span> <span class='ocrx_word' id='word_1_189' title='bbox 513 1831 681 1864; x_wconf 85' lang='lat' dir='ltr'>exstant</span> <span class='ocrx_word' id='word_1_190' title='bbox 719 1831 882 1877; x_wconf 80' lang='lat' dir='ltr'>praeter</span> <span class='ocrx_word' id='word_1_191' title='bbox 920 1824 1096 1863; x_wconf 85' lang='lat' dir='ltr'>formam</span> <span class='ocrx_word' id='word_1_192' title='bbox 1137 1823 1370 1864; x_wconf 73' lang='lat' dir='ltr'>hexametri</span> <span class='ocrx_word' id='word_1_193' title='bbox 1409 1822 1531 1863; x_wconf 85' lang='lat' dir='ltr'>latini</span> <span class='ocrx_word' id='word_1_194' title='bbox 1571 1836 1682 1862; x_wconf 85' lang='lat' dir='ltr'>asso-</span> 
     </span>
     <span class='ocr_line' id='line_1_24' title="bbox 127 1892 1683 1948; baseline -0.003 -12"><span class='ocrx_word' id='word_1_195' title='bbox 127 1896 319 1936; x_wconf 83' lang='lat' dir='ltr'>nantiam</span> <span class='ocrx_word' id='word_1_196' title='bbox 347 1895 606 1935; x_wconf 87' lang='lat' dir='ltr'>hibernicam</span> <span class='ocrx_word' id='word_1_197' title='bbox 634 1909 732 1948; x_wconf 84' lang='lat' dir='ltr'>prae</span> <span class='ocrx_word' id='word_1_198' title='bbox 765 1909 807 1935; x_wconf 89' lang='lat' dir='ltr'>se</span> <span class='ocrx_word' id='word_1_199' title='bbox 839 1894 994 1942; x_wconf 79' lang='lat' dir='ltr'>ferunt,</span> <span class='ocrx_word' id='word_1_200' title='bbox 1026 1893 1171 1947; x_wconf 84' lang='lat' dir='ltr'>paucis</span> <span class='ocrx_word' id='word_1_201' title='bbox 1203 1893 1405 1946; x_wconf 83' lang='lat' dir='ltr'>exceptis.</span> <span class='ocrx_word' id='word_1_202' title='bbox 1446 1892 1610 1946; x_wconf 83' lang='lat' dir='ltr'>Colligo</span> <span class='ocrx_word' id='word_1_203' title='bbox 1631 1906 1683 1931; x_wconf 83' lang='lat' dir='ltr'>ex</span> 
     </span>
     <span class='ocr_line' id='line_1_25' title="bbox 127 1962 1682 2019; baseline -0.003 -13"><span class='ocrx_word' id='word_1_204' title='bbox 127 1966 185 2006; x_wconf 90' lang='lat' dir='ltr'>eis</span> <span class='ocrx_word' id='word_1_205' title='bbox 217 1966 349 2019; x_wconf 83' lang='lat' dir='ltr'>magis</span> <span class='ocrx_word' id='word_1_206' title='bbox 372 1965 500 2018; x_wconf 80' lang='lat' dir='ltr'>digna</span> <span class='ocrx_word' id='word_1_207' title='bbox 521 1979 627 2018; x_wconf 83' lang='lat' dir='ltr'>quae</span> <span class='ocrx_word' id='word_1_208' title='bbox 648 1965 914 2018; x_wconf 90' lang='lat' dir='ltr'>proferantur</span> <span class='ocrx_word' id='word_1_209' title='bbox 936 1965 1169 2005; x_wconf 89' lang='lat' dir='ltr'>secundum</span> <span class='ocrx_word' id='word_1_210' title='bbox 1191 1963 1418 2004; x_wconf 88' lang='lat' dir='ltr'>editionem</span> <span class='ocrx_word' id='word_1_211' title='bbox 1440 1963 1484 2003; x_wconf 90' lang='lat' dir='ltr'>in</span> <span class='ocrx_word' id='word_1_212' title='bbox 1508 1962 1682 2003; x_wconf 85' lang='lat' dir='ltr'>Gallan-</span> 
     </span>
     <span class='ocr_line' id='line_1_26' title="bbox 128 2036 801 2090; baseline -0.004 -13"><span class='ocrx_word' id='word_1_213' title='bbox 128 2037 186 2077; x_wconf 88' lang='lat' dir='ltr'>dii</span> <span class='ocrx_word' id='word_1_214' title='bbox 208 2036 318 2077; x_wconf 81' lang='lat' dir='ltr'>Bibl.</span> <span class='ocrx_word' id='word_1_215' title='bbox 345 2044 452 2090; x_wconf 84' lang='lat' dir='ltr'>patr.</span> <span class='ocrx_word' id='word_1_216' title='bbox 479 2038 567 2088; x_wconf 84' lang='lat'>(12,</span> <span class='ocrx_word' id='word_1_217' title='bbox 597 2039 674 2074; x_wconf 82' lang='lat'>355</span> <span class='ocrx_word' id='word_1_218' title='bbox 695 2037 801 2088; x_wconf 84' lang='lat' dir='ltr'>sq.):</span> 
     </span>
    </p>
   </div>
   <div class='ocr_carea' id='block_1_6' title="bbox 193 2125 1593 2923">
    <p class='ocr_par' dir='ltr' id='par_1_9' title="bbox 273 2125 1376 2182">
     <span class='ocr_line' id='line_1_27' title="bbox 273 2125 1376 2182; baseline -0.001 -17"><span class='ocrx_word' id='word_1_219' title='bbox 273 2131 337 2165; x_wconf 88' lang='lat'>11.</span> <span class='ocrx_word' id='word_1_220' title='bbox 373 2130 561 2167; x_wconf 76' lang='lat' dir='ltr'>Omnibus</span> <span class='ocrx_word' id='word_1_221' title='bbox 583 2135 642 2166; x_wconf 86' lang='lat' dir='ltr'>est</span> <span class='ocrx_word' id='word_1_222' title='bbox 669 2125 672 2182; x_wconf 95' lang='grc' dir='ltr'>Ι</span> <span class='ocrx_word' id='word_1_223' title='bbox 700 2130 835 2166; x_wconf 87' lang='grc'>1111111111</span> <span class='ocrx_word' id='word_1_224' title='bbox 863 2126 866 2181; x_wconf 94' lang='grc' dir='ltr'>Ι</span> <span class='ocrx_word' id='word_1_225' title='bbox 894 2128 1029 2165; x_wconf 88' lang='lat' dir='ltr'>melior</span> <span class='ocrx_word' id='word_1_226' title='bbox 1050 2128 1238 2176; x_wconf 80' lang='lat' dir='ltr'>sapientia</span> <span class='ocrx_word' id='word_1_227' title='bbox 1258 2128 1376 2176; x_wconf 71' lang='lat' dir='ltr'>gazis.</span> 
     </span>
    </p>

    <p class='ocr_par' dir='ltr' id='par_1_10' title="bbox 270 2194 1528 2317">
     <span class='ocr_line' id='line_1_28' title="bbox 275 2194 1528 2248; baseline -0.002 -14"><span class='ocrx_word' id='word_1_228' title='bbox 275 2198 337 2234; x_wconf 87' lang='grc'>16.</span> <span class='ocrx_word' id='word_1_229' title='bbox 376 2194 378 2248; x_wconf 92' lang='grc' dir='ltr'>Ι</span> <span class='ocrx_word' id='word_1_230' title='bbox 403 2197 535 2233; x_wconf 75' lang='lat' dir='ltr'>Morbi</span> <span class='ocrx_word' id='word_1_231' title='bbox 554 2211 669 2234; x_wconf 84' lang='lat' dir='ltr'>causa</span> <span class='ocrx_word' id='word_1_232' title='bbox 695 2198 701 2247; x_wconf 96' lang='grc' dir='ltr'>Ι</span> <span class='ocrx_word' id='word_1_233' title='bbox 727 2197 823 2234; x_wconf 80' lang='lat' dir='ltr'>malz·</span> <span class='ocrx_word' id='word_1_234' title='bbox 840 2197 958 2233; x_wconf 86' lang='lat' dir='ltr'>nimia</span> <span class='ocrx_word' id='word_1_235' title='bbox 980 2201 1038 2233; x_wconf 87' lang='lat' dir='ltr'>est</span> <span class='ocrx_word' id='word_1_236' title='bbox 1061 2209 1315 2244; x_wconf 83' lang='lat' dir='ltr'>quaecunque</span> <span class='ocrx_word' id='word_1_237' title='bbox 1336 2196 1528 2244; x_wconf 81' lang='lat' dir='ltr'>voluptas.</span> 
     </span>
     <span class='ocr_line' id='line_1_29' title="bbox 270 2261 1350 2317; baseline -0.002 -16"><span class='ocrx_word' id='word_1_238' title='bbox 270 2265 337 2301; x_wconf 83' lang='grc'>26.</span> <span class='ocrx_word' id='word_1_239' title='bbox 375 2267 544 2302; x_wconf 77' lang='lat' dir='ltr'>Octonas</span> <span class='ocrx_word' id='word_1_240' title='bbox 566 2267 722 2302; x_wconf 75' lang='lat' dir='ltr'>studeas</span> <span class='ocrx_word' id='word_1_241' title='bbox 749 2266 754 2315; x_wconf 98' lang='grc' dir='ltr'>Ι</span> <span class='ocrx_word' id='word_1_242' title='bbox 780 2265 960 2301; x_wconf 81' lang='lat' dir='ltr'>vitiorum</span> <span class='ocrx_word' id='word_1_243' title='bbox 988 2261 992 2317; x_wconf 97' lang='grc' dir='ltr'>Ι</span> <span class='ocrx_word' id='word_1_244' title='bbox 1018 2265 1169 2301; x_wconf 85' lang='lat' dir='ltr'>vincere</span> <span class='ocrx_word' id='word_1_245' title='bbox 1191 2268 1350 2300; x_wconf 76' lang='lat' dir='ltr'>turmas.</span> 
     </span>
    </p>

    <p class='ocr_par' dir='ltr' id='par_1_11' title="bbox 271 2328 1374 2385">
     <span class='ocr_line' id='line_1_30' title="bbox 271 2328 1374 2385; baseline -0.001 -17"><span class='ocrx_word' id='word_1_246' title='bbox 271 2333 338 2369; x_wconf 85' lang='lat'>28.</span> <span class='ocrx_word' id='word_1_247' title='bbox 375 2331 377 2385; x_wconf 94' lang='grc' dir='ltr'>Ι</span> <span class='ocrx_word' id='word_1_248' title='bbox 403 2334 556 2381; x_wconf 78' lang='lat' dir='ltr'>Lingua</span> <span class='ocrx_word' id='word_1_249' title='bbox 577 2346 664 2369; x_wconf 79' lang='lat' dir='ltr'>suos</span> <span class='ocrx_word' id='word_1_250' title='bbox 685 2334 826 2370; x_wconf 85' lang='lat' dir='ltr'>habeat</span> <span class='ocrx_word' id='word_1_251' title='bbox 847 2334 971 2369; x_wconf 83' lang='lat' dir='ltr'>frenos</span> <span class='ocrx_word' id='word_1_252' title='bbox 992 2333 1032 2369; x_wconf 91' lang='lat' dir='ltr'>in</span> <span class='ocrx_word' id='word_1_253' title='bbox 1054 2333 1165 2369; x_wconf 87' lang='lat' dir='ltr'>eorde</span> <span class='ocrx_word' id='word_1_254' title='bbox 1195 2328 1198 2383; x_wconf 94' lang='grc' dir='ltr'>Ι</span> <span class='ocrx_word' id='word_1_255' title='bbox 1225 2332 1374 2380; x_wconf 79' lang='lat' dir='ltr'>ligatos.</span> 
     </span>
    </p>

    <p class='ocr_par' dir='ltr' id='par_1_12' title="bbox 271 2398 1419 2453">
     <span class='ocr_line' id='line_1_31' title="bbox 271 2398 1419 2453; baseline -0.003 -15"><span class='ocrx_word' id='word_1_256' title='bbox 271 2403 335 2439; x_wconf 84' lang='lat'>52.</span> <span class='ocrx_word' id='word_1_257' title='bbox 372 2402 510 2438; x_wconf 82' lang='lat' dir='ltr'>Inclita</span> <span class='ocrx_word' id='word_1_258' title='bbox 537 2400 541 2448; x_wconf 97' lang='grc' dir='ltr'>Ι</span> <span class='ocrx_word' id='word_1_259' title='bbox 568 2406 794 2449; x_wconf 81' lang='lat' dir='ltr'>perpetuam</span> <span class='ocrx_word' id='word_1_260' title='bbox 822 2398 826 2453; x_wconf 94' lang='grc' dir='ltr'>Ι</span> <span class='ocrx_word' id='word_1_261' title='bbox 852 2405 1023 2450; x_wconf 80' lang='lat' dir='ltr'>praestat</span> <span class='ocrx_word' id='word_1_262' title='bbox 1049 2399 1054 2448; x_wconf 97' lang='grc' dir='ltr'>Ι</span> <span class='ocrx_word' id='word_1_263' title='bbox 1081 2400 1268 2449; x_wconf 88' lang='lat' dir='ltr'>patientia</span> <span class='ocrx_word' id='word_1_264' title='bbox 1288 2400 1419 2435; x_wconf 79' lang='lat' dir='ltr'>vitam.</span> 
     </span>
    </p>

    <p class='ocr_par' dir='ltr' id='par_1_13' title="bbox 275 2463 1323 2521">
     <span class='ocr_line' id='line_1_32' title="bbox 275 2463 1323 2521; baseline -0.006 -14"><span class='ocrx_word' id='word_1_265' title='bbox 275 2472 340 2507; x_wconf 79' lang='lat'>54.</span> <span class='ocrx_word' id='word_1_266' title='bbox 376 2469 559 2517; x_wconf 79' lang='lat' dir='ltr'>Egregios</span> <span class='ocrx_word' id='word_1_267' title='bbox 581 2469 695 2506; x_wconf 85' lang='lat' dir='ltr'>faciet</span> <span class='ocrx_word' id='word_1_268' title='bbox 722 2466 726 2521; x_wconf 97' lang='grc' dir='ltr'>Ι</span> <span class='ocrx_word' id='word_1_269' title='bbox 753 2469 893 2505; x_wconf 76' lang='lat' dir='ltr'>mentis</span> <span class='ocrx_word' id='word_1_270' title='bbox 915 2468 1131 2505; x_wconf 85' lang='lat' dir='ltr'>constantia</span> <span class='ocrx_word' id='word_1_271' title='bbox 1159 2463 1162 2517; x_wconf 94' lang='grc' dir='ltr'>Ι</span> <span class='ocrx_word' id='word_1_272' title='bbox 1190 2479 1323 2502; x_wconf 81' lang='lat' dir='ltr'>mores.</span> 
     </span>
    </p>

    <p class='ocr_par' dir='ltr' id='par_1_14' title="bbox 271 2530 1345 2586">
     <span class='ocr_line' id='line_1_33' title="bbox 271 2530 1345 2586; baseline -0.006 -12"><span class='ocrx_word' id='word_1_273' title='bbox 271 2539 336 2574; x_wconf 79' lang='lat'>88.</span> <span class='ocrx_word' id='word_1_274' title='bbox 375 2536 489 2577; x_wconf 84' lang='lat' dir='ltr'>Quod</span> <span class='ocrx_word' id='word_1_275' title='bbox 511 2535 580 2572; x_wconf 89' lang='lat' dir='ltr'>tibi</span> <span class='ocrx_word' id='word_1_276' title='bbox 601 2550 679 2573; x_wconf 90' lang='lat' dir='ltr'>non</span> <span class='ocrx_word' id='word_1_277' title='bbox 706 2537 711 2586; x_wconf 97' lang='grc' dir='ltr'>Ι</span> <span class='ocrx_word' id='word_1_278' title='bbox 739 2542 847 2585; x_wconf 82' lang='lat' dir='ltr'>optas</span> <span class='ocrx_word' id='word_1_279' title='bbox 875 2536 880 2585; x_wconf 98' lang='grc' dir='ltr'>Ι</span> <span class='ocrx_word' id='word_1_280' title='bbox 908 2536 1041 2572; x_wconf 72' lang='lat' dir='ltr'>aliine</span> <span class='ocrx_word' id='word_1_281' title='bbox 1065 2534 1200 2571; x_wconf 73' lang='lat' dir='ltr'>feceris</span> <span class='ocrx_word' id='word_1_282' title='bbox 1228 2530 1231 2585; x_wconf 93' lang='grc' dir='ltr'>Ι</span> <span class='ocrx_word' id='word_1_283' title='bbox 1260 2533 1345 2569; x_wconf 71' lang='lat' dir='ltr'>ulli.</span> 
     </span>
    </p>

    <p class='ocr_par' dir='ltr' id='par_1_15' title="bbox 193 2598 1438 2657">
     <span class='ocr_line' id='line_1_34' title="bbox 193 2598 1438 2657; baseline -0.003 -16"><span class='ocrx_word' id='word_1_284' title='bbox 193 2612 197 2617; x_wconf 75' lang='grc'>“</span> <span class='ocrx_word' id='word_1_285' title='bbox 246 2607 336 2641; x_wconf 90' lang='lat'>100.</span> <span class='ocrx_word' id='word_1_286' title='bbox 402 2605 520 2640; x_wconf 88' lang='lat' dir='ltr'>Disce</span> <span class='ocrx_word' id='word_1_287' title='bbox 543 2605 611 2640; x_wconf 89' lang='lat' dir='ltr'>sed</span> <span class='ocrx_word' id='word_1_288' title='bbox 633 2619 654 2641; x_wconf 87' lang='lat' dir='ltr'>a</span> <span class='ocrx_word' id='word_1_289' title='bbox 681 2602 684 2657; x_wconf 93' lang='grc' dir='ltr'>Ι</span> <span class='ocrx_word' id='word_1_290' title='bbox 713 2605 848 2649; x_wconf 73' lang='lat' dir='ltr'>doctis,</span> <span class='ocrx_word' id='word_1_291' title='bbox 883 2601 886 2656; x_wconf 95' lang='grc' dir='ltr'>Ι</span> <span class='ocrx_word' id='word_1_292' title='bbox 914 2604 1086 2639; x_wconf 79' lang='lat' dir='ltr'>indoctos</span> <span class='ocrx_word' id='word_1_293' title='bbox 1115 2598 1118 2653; x_wconf 93' lang='grc' dir='ltr'>Ι</span> <span class='ocrx_word' id='word_1_294' title='bbox 1146 2602 1228 2650; x_wconf 89' lang='lat' dir='ltr'>ipse</span> <span class='ocrx_word' id='word_1_295' title='bbox 1257 2601 1261 2649; x_wconf 98' lang='grc' dir='ltr'>Ι</span> <span class='ocrx_word' id='word_1_296' title='bbox 1289 2603 1438 2638; x_wconf 83' lang='lat' dir='ltr'>doceto.</span> 
     </span>
    </p>

    <p class='ocr_par' dir='ltr' id='par_1_16' title="bbox 247 2669 1593 2857">
     <span class='ocr_line' id='line_1_35' title="bbox 248 2669 1396 2722; baseline -0.003 -14"><span class='ocrx_word' id='word_1_297' title='bbox 248 2673 338 2709; x_wconf 83' lang='lat'>102.</span> <span class='ocrx_word' id='word_1_298' title='bbox 378 2697 379 2722; x_wconf 70' lang='lat'>1</span> <span class='ocrx_word' id='word_1_299' title='bbox 406 2674 538 2708; x_wconf 88' lang='lat' dir='ltr'>Sermo</span> <span class='ocrx_word' id='word_1_300' title='bbox 560 2673 672 2709; x_wconf 91' lang='lat' dir='ltr'>datur</span> <span class='ocrx_word' id='word_1_301' title='bbox 692 2673 837 2717; x_wconf 77' lang='lat' dir='ltr'>multis,</span> <span class='ocrx_word' id='word_1_302' title='bbox 865 2672 982 2708; x_wconf 89' lang='lat' dir='ltr'>animi</span> <span class='ocrx_word' id='word_1_303' title='bbox 1009 2670 1014 2718; x_wconf 96' lang='grc' dir='ltr'>Ι</span> <span class='ocrx_word' id='word_1_304' title='bbox 1043 2670 1230 2719; x_wconf 83' lang='lat' dir='ltr'>sapientia</span> <span class='ocrx_word' id='word_1_305' title='bbox 1250 2669 1396 2717; x_wconf 70' lang='lat' dir='ltr'>paucis.</span> 
     </span>
     <span class='ocr_line' id='line_1_36' title="bbox 247 2733 1593 2791; baseline -0.001 -17"><span class='ocrx_word' id='word_1_306' title='bbox 247 2739 338 2775; x_wconf 82' lang='lat'>127.</span> <span class='ocrx_word' id='word_1_307' title='bbox 377 2760 379 2786; x_wconf 73' lang='grc' dir='ltr'>Ι</span> <span class='ocrx_word' id='word_1_308' title='bbox 404 2741 485 2776; x_wconf 85' lang='lat' dir='ltr'>Pax</span> <span class='ocrx_word' id='word_1_309' title='bbox 511 2740 516 2788; x_wconf 98' lang='grc' dir='ltr'>Ι</span> <span class='ocrx_word' id='word_1_310' title='bbox 543 2753 677 2788; x_wconf 85' lang='lat' dir='ltr'>precor</span> <span class='ocrx_word' id='word_1_311' title='bbox 698 2741 798 2776; x_wconf 84' lang='lat' dir='ltr'>alma</span> <span class='ocrx_word' id='word_1_312' title='bbox 825 2737 828 2791; x_wconf 94' lang='grc' dir='ltr'>Ι</span> <span class='ocrx_word' id='word_1_313' title='bbox 857 2745 923 2776; x_wconf 89' lang='lat' dir='ltr'>tuo</span> <span class='ocrx_word' id='word_1_314' title='bbox 952 2736 955 2790; x_wconf 95' lang='grc' dir='ltr'>Ι</span> <span class='ocrx_word' id='word_1_315' title='bbox 983 2739 1132 2787; x_wconf 87' lang='lat' dir='ltr'>placeat</span> <span class='ocrx_word' id='word_1_316' title='bbox 1160 2733 1163 2788; x_wconf 95' lang='grc' dir='ltr'>Ι</span> <span class='ocrx_word' id='word_1_317' title='bbox 1192 2737 1261 2773; x_wconf 89' lang='lat' dir='ltr'>tibi</span> <span class='ocrx_word' id='word_1_318' title='bbox 1283 2750 1434 2784; x_wconf 88' lang='lat' dir='ltr'>semper</span> <span class='ocrx_word' id='word_1_319' title='bbox 1455 2737 1495 2772; x_wconf 90' lang='lat' dir='ltr'>in</span> <span class='ocrx_word' id='word_1_320' title='bbox 1517 2750 1593 2773; x_wconf 89' lang='lat' dir='ltr'>ore.</span> 
     </span>
     <span class='ocr_line' id='line_1_37' title="bbox 248 2805 1348 2857; baseline -0.003 -15"><span class='ocrx_word' id='word_1_321' title='bbox 248 2808 339 2842; x_wconf 71' lang='lat'>138.</span> <span class='ocrx_word' id='word_1_322' title='bbox 378 2810 379 2836; x_wconf 72' lang='grc'>1</span> <span class='ocrx_word' id='word_1_323' title='bbox 406 2809 493 2843; x_wconf 72' lang='lat' dir='ltr'>Una</span> <span class='ocrx_word' id='word_1_324' title='bbox 514 2808 589 2843; x_wconf 80' lang='lat' dir='ltr'>dies</span> <span class='ocrx_word' id='word_1_325' title='bbox 612 2808 739 2855; x_wconf 81' lang='lat' dir='ltr'>quales</span> <span class='ocrx_word' id='word_1_326' title='bbox 761 2808 901 2843; x_wconf 87' lang='lat' dir='ltr'>fuerint</span> <span class='ocrx_word' id='word_1_327' title='bbox 931 2805 934 2857; x_wconf 95' lang='grc' dir='ltr'>Ι</span> <span class='ocrx_word' id='word_1_328' title='bbox 963 2805 1132 2842; x_wconf 85' lang='lat' dir='ltr'>ostendit</span> <span class='ocrx_word' id='word_1_329' title='bbox 1159 2805 1164 2852; x_wconf 97' lang='grc' dir='ltr'>Ι</span> <span class='ocrx_word' id='word_1_330' title='bbox 1192 2805 1348 2840; x_wconf 83' lang='lat' dir='ltr'>amicos.</span> 
     </span>
    </p>

    <p class='ocr_par' dir='ltr' id='par_1_17' title="bbox 249 2872 1430 2923">
     <span class='ocr_line' id='line_1_38' title="bbox 249 2872 1430 2923; baseline -0.001 -15"><span class='ocrx_word' id='word_1_331' title='bbox 249 2876 338 2909; x_wconf 72' lang='lat'>159.</span> <span class='ocrx_word' id='word_1_332' title='bbox 377 2875 490 2910; x_wconf 77' lang='lat' dir='ltr'>Alma</span> <span class='ocrx_word' id='word_1_333' title='bbox 521 2882 522 2923; x_wconf 71' lang='grc' dir='ltr'>Ι</span> <span class='ocrx_word' id='word_1_334' title='bbox 552 2875 626 2910; x_wconf 78' lang='lat' dir='ltr'>dies</span> <span class='ocrx_word' id='word_1_335' title='bbox 648 2883 799 2911; x_wconf 89' lang='lat' dir='ltr'>noctem</span> <span class='ocrx_word' id='word_1_336' title='bbox 823 2875 1008 2923; x_wconf 86' lang='lat' dir='ltr'>sequitur,</span> <span class='ocrx_word' id='word_1_337' title='bbox 1038 2874 1091 2909; x_wconf 85' lang='lat' dir='ltr'>sic</span> <span class='ocrx_word' id='word_1_338' title='bbox 1119 2873 1124 2920; x_wconf 98' lang='grc' dir='ltr'>Ι</span> <span class='ocrx_word' id='word_1_339' title='bbox 1152 2873 1250 2909; x_wconf 84' lang='lat' dir='ltr'>dona</span> <span class='ocrx_word' id='word_1_340' title='bbox 1273 2872 1430 2908; x_wconf 83' lang='lat' dir='ltr'>labores.</span> 
     </span>
    </p>
   </div>
  </div>
 </body>
</html>
