1920 3220
250 181 331 219 944
533 179 613 219 VI.
641 182 680 218 2.
725 191 1020 218 CONSTRUCTIO
1043 191 1226 219 POETICA
1248 192 1508 219 HIBERNICA.

248 291 426 332 matium
454 291 533 331 hoc
556 291 600 331 S.
627 289 810 330 Patricio
842 290 1114 344 adscriptum,
1141 293 1252 344 quod
1274 306 1294 331 e
1317 292 1456 332 codice
1477 292 1644 345 proprio
1666 307 1797 345 quon—

248 364 345 402 dam
378 360 560 401 Mariani
589 360 702 401 Scoti
736 359 859 412 (obiit
887 376 925 400 a.
956 363 1080 413 1088)
1112 376 1227 401 nunc
1257 361 1536 402 bibliothecae
1567 362 1797 403 Vaticanae

249 433 293 472 in
324 432 558 472 imitatione
588 431 817 484 scripturae
846 430 997 471 codicis
1028 431 1159 484 ipsius
1188 431 1342 485 legitur
1368 447 1435 486 ap.
1463 433 1603 473 Pertz.
1626 432 1671 472 in
1692 440 1794 473 tom.

249 503 338 543 VII
361 510 402 542 et
424 501 567 542 tabula
588 500 730 541 addita
749 501 802 540 ad
822 515 864 554 p.
892 504 967 540 481
988 516 996 540 :

418 584 459 620 ol
470 587 612 631 pcitroec

303 652 342 688 A
369 648 374 703 Ι
403 651 520 699 brissi}
540 649 823 687 andebelcalleeh
848 646 859 702 ΙΙ
883 664 905 686 α
932 647 938 702 Ι
967 650 1049 687 breio
1073 650 1130 686 0'1'7·
1152 650 1368 687 domcdeseb

306 720 426 756 triclm
453 717 458 769 Ι
487 718 639 755 blindan
657 717 900 766 ycncleredem
925 713 936 769 ΙΙ
969 715 973 769 Ι
1001 717 1164 754 bemzccclc
1187 720 1297 754 e'remz
1318 718 1507 755 darmese.

305 784 310 839 Ι
334 787 513 824 Beomaeh
535 789 646 822 e'remz
668 785 707 820 ‘in
729 784 883 820 ceolwlfi.
912 780 924 836 ΙΙ
960 785 964 837 Ι
990 784 1153 821 bemzaeh
1176 785 1261 820 altu
1282 799 1316 821 es
1338 786 1534 822 eonachtu.

305 853 310 908 Ι
335 855 498 891 bennaeh
524 853 654 902 Zaqm'zc
678 852 715 888 in
738 852 902 888 eeohtan.
931 849 943 904 ΙΙ
968 866 1054 889 (ecus
1081 850 1086 904 Ι
1116 852 1194 888 ὂίίΙι
1221 849 1226 903 Ι
1256 852 1418 889 bemzach
1430 855 1516 901 firu
1536 867 1703 890 muman.
1720 851 1739 872 ἦε

244 1040 417 1082 regnante
444 1035 479 1069 in
505 1034 667 1068 Temoria
692 1046 843 1078 regnum
871 1034 1067 1069 Hiberniae
1086 1035 1355 1069 B'Iurchiartach
1382 1047 1459 1069 mac
1483 1036 1565 1076 Ere,
1594 1033 1794 1068 felicissime

245 1091 369 1127 obiit.’'

336 1150 543 1183 Produntur
561 1149 667 1182 etiam
685 1161 807 1183 versus
825 1149 994 1194 adscripti
1013 1149 1049 1183 S.
1070 1149 1225 1182 Patricio
1243 1149 1279 1182 in
1297 1148 1380 1182 Vita
1398 1149 1434 1182 S.
1454 1148 1604 1182 Deciani
1623 1161 1679 1193 ap.
1701 1147 1793 1181 Boll.

244 1206 317 1241 Jul.
339 1210 370 1247 5,
393 1208 479 1239 602:
512 1203 691 1239 “Sanctus
718 1206 894 1240 Patricius
919 1206 1181 1250 archipontifex
1208 1210 1243 1239 et
1267 1210 1437 1250 patronus
1467 1206 1575 1238 totius
1600 1205 1795 1238 Hiberniae

247 1275 388 1298 versum
413 1267 621 1307 sequentem
647 1263 779 1296 scotica
795 1262 920 1307 lingua
938 1262 1038 1306 quasi
1057 1262 1237 1307 quoddam
1255 1261 1437 1294 oraculum
1454 1261 1612 1306 vigorem
1631 1261 1717 1306 legis
1735 1261 1796 1294 ha-

244 1321 332 1354 bens
351 1320 400 1353 eis
418 1319 586 1353 cantavit.
616 1319 733 1357 Quem
750 1331 891 1353 versum
909 1317 1042 1351 familia
1059 1317 1173 1351 sancti
1189 1317 1294 1351 Albei
1313 1322 1347 1351 et
1366 1317 1498 1351 familia
1515 1318 1627 1351 sancti
1646 1317 1796 1351 Dcclani

244 1376 438 1410 noluerunt
455 1387 518 1420 pro
533 1387 569 1408 se
586 1375 642 1409 vel
653 1376 854 1421 rhythmice
867 1387 929 1408 seu
941 1374 1086 1407 metrice
1100 1374 1136 1407 in
1149 1374 1317 1407 Latinum
1332 1374 1433 1408 verti.
1459 1374 1508 1407 Et
1519 1374 1661 1419 majoris
1675 1379 1795 1407 aucto-

244 1433 360 1467 ritatis
385 1432 417 1466 ei
443 1432 686 1466 conciliandae
713 1432 828 1476 gratia
855 1431 955 1464 illum
982 1431 1123 1476 proprio
1153 1435 1187 1464 et
1212 1430 1381 1475 genuum,
1404 1443 1472 1475 quo
1490 1431 1743 1476 pronuntiatus
1762 1436 1797 1464 et

245 1489 462 1534 compositus
487 1495 540 1522 est
565 1500 585 1522 a
611 1493 734 1522 sancto
752 1488 919 1528 Patricio,
941 1487 1109 1520 idiomate
1134 1498 1197 1531 pro
1224 1487 1399 1531 dignitate
1426 1487 1645 1532 proferemus
1670 1487 1706 1521 in
1723 1498 1795 1520 me-

245 1546 357 1579 dium.
391 1546 448 1579 Ita
466 1545 576 1590 igitur
593 1545 723 1578 scotice
742 1545 887 1590 ponitur
905 1544 963 1577 ille
981 1555 1123 1578 versus:

464 1612 592 1646 Az‘lblee
609 1613 730 1646 wnhccl
745 1611 905 1656 Padrm'ss
923 1612 1119 1644 IlIzcomlzan
1138 1623 1192 1644 mo
1208 1612 1385 1655 (luchrutlc

463 1670 601 1703 Deelcm
619 1668 778 1713 Padruiy
796 1681 842 1702 na
860 1668 986 1709 ozDesz}
1007 1680 1053 1701 na
1070 1667 1162 1701 Desz'
1176 1680 1220 1712 ay
1237 1668 1375 1702 Declan
1392 1680 1435 1713 (lo
1456 1668 1572 1702 brath.

244 1739 288 1771 In
314 1750 384 1783 quo
410 1738 592 1772 decretum
618 1742 682 1779 est,
700 1742 752 1771 ‘ut
777 1737 913 1770 Albeus
938 1736 1116 1770 secundus
1143 1736 1317 1770 Patricius
1343 1740 1378 1770 et
1396 1737 1600 1770 Momoniae
1624 1741 1795 1782 patronus

245 1800 349 1836 esset,
372 1800 406 1829 et
431 1795 612 1828 Decianus
639 1794 818 1827 secundus
842 1793 1019 1826 Patricius
1045 1797 1081 1826 et
1103 1798 1275 1837 patronus
1303 1797 1396 1826 esset
1417 1793 1620 1834 Desiorum,
1641 1798 1677 1826 et
1693 1792 1795 1826 Desii

244 1864 308 1885 sua
326 1851 497 1885 dioecesis
517 1855 635 1884 essent
652 1862 765 1895 usque
783 1850 827 1884 ad
846 1850 951 1883 finem
970 1847 1136 1883 saeculi.''
1167 1849 1259 1883 Sunt
1272 1849 1323 1882 ita
1337 1849 1491 1883 desumti
1505 1861 1627 1883 versus
1641 1861 1659 1883 e
1674 1849 1794 1882 codice

245 1907 387 1951 collegii
406 1907 442 1940 S.
462 1906 591 1940 Isidori
610 1907 757 1947 Romae,
779 1906 842 1939 sed
864 1910 966 1939 notat
992 1905 1116 1946 editor,
1137 1905 1243 1950 paulo
1262 1905 1364 1939 aliter
1388 1905 1460 1951 legi
1477 1918 1537 1939 eos
1555 1906 1649 1951 apud
1668 1905 1794 1949 Colga-

245 1964 343 1997 nium
372 1969 407 1997 et
425 1963 618 1997 Usserium.
655 1963 796 1995 Horum
823 1973 929 2006 opera
954 1973 1033 1994 cum
1057 1961 1144 1995 mihi
1171 1966 1312 2006 praesto
1339 1973 1411 1995 non
1437 1962 1520 2004 sint,
1541 1963 1691 1996 restituo
1714 1973 1792 1995 meo

243 2020 389 2054 arbitrio
408 2021 478 2054 ita:

480 2069 484 2111 l
504 2076 607 2109 Ailbe
628 2079 631 2119 Ι
654 2070 769 2113 zcmall
790 2074 951 2119 olpdtrz'c
969 2074 979 2119 ΙΙ
991 2075 1112 2119 psitrt'c
1129 2087 1271 2108 'mmmm
1289 2087 1342 2108 mo
1362 2076 1367 2118 Ι
1386 2075 1543 2115 coloruth

482 2134 485 2173 Ι
505 2133 624 2166 declam
635 2131 755 2176 Ράΐνίί·
772 2132 932 2177 ozanldese
950 2132 961 2177 ΙΙ
979 2131 1106 2173 inldesz'
1120 2144 1157 2165 oc
1177 2131 1181 2172 Ι
1202 2132 1321 2165 declam
1338 2132 1498 2165 eobruth.

301 2212 458 2247 “Albius
474 2212 631 2253 humilis,
653 2211 740 2245 dicit
757 2212 943 2251 Patricius,
965 2211 1011 2244 sit
1027 2210 1203 2243 Patricius
1221 2210 1426 2243 Momoniae
1444 2221 1544 2243 meus
1562 2211 1730 2255 aequalis,

304 2270 485 2304 Declanus
504 2269 678 2302 Patricius
697 2268 898 2308 Desiorunl,
921 2268 993 2301 sint
1009 2267 1110 2301 Desii
1128 2279 1208 2300 cum
1224 2266 1383 2300 Declano
1402 2267 1437 2300 in
1455 2265 1702 2312 perpetuum?

338 2339 407 2371 Est
424 2337 519 2370 enim
536 2337 621 2370 item
638 2341 791 2369 metrum
809 2341 943 2381 septem
962 2335 1190 2380 syllabarum.
1223 2335 1386 2376 Com-ath,
1403 2334 1561 2380 ejusdem
1579 2335 1724 2375 formae,
1738 2346 1793 2367 ae-

245 2395 373 2440 qualis,
403 2398 443 2427 ut
465 2394 642 2434 soem-ath„
664 2393 778 2426 bonae
805 2392 950 2432 formae,
971 2392 1155 2425 honestus.
1191 2392 1234 2425 In
1259 2396 1438 2436 postremo
1467 2391 1625 2424 membro
1654 2391 1691 2424 in
1715 2391 1793 2424 loco

244 2450 358 2485 indesi
379 2463 417 2483 oc
443 2451 581 2484 vocales
606 2450 652 2482 ἰ’-ο
680 2449 894 2489 coalescunt,
916 2454 978 2482 aut
1003 2453 1088 2482 sunt
1110 2448 1188 2481 loco
1214 2448 1321 2481 unius
1339 2448 1430 2481 duae
1447 2448 1594 2481 minoris
1612 2452 1790 2488 accentus,

244 2513 285 2542 ut
302 2508 338 2541 in
358 2507 613 2541 Benedictione
631 2507 667 2539 in
686 2506 839 2539 bemzaoh
859 2506 984 2538 ullu—es
1002 2506 1183 2538 conachtzc.

334 2565 351 2581 ³⁸
377 2563 643 2607 Orthographia
663 2562 720 2595 hic
738 2574 879 2607 quoque
898 2562 1064 2606 congruit
1080 2573 1160 2595 cum
1178 2566 1292 2595 aetate
1311 2561 1453 2602 codicis,
1476 2573 1506 2594 e.
1526 2573 1579 2605 gr.
1601 2561 1793 2595 destitutae

241 2634 264 2666 y
283 2626 318 2655 et
334 2621 358 2654 cl
373 2621 409 2653 in
424 2632 489 2664 yen
509 2619 678 2660 chre'dem,
699 2619 736 2652 in
754 2631 824 2664 quo
843 2624 897 2652 est
915 2619 1019 2652 etiam
1039 2619 1113 2663 jam
1132 2617 1294 2651 flexionis
1312 2618 1500 2662 neglectiO,
1523 2630 1602 2651 cum
1621 2618 1794 2652 vetustior

244 2679 368 2723 lingua
392 2678 459 2710 hoc
477 2676 633 2722 proferat
649 2688 709 2709 cen
727 2674 871 2708 chre'tlm
892 2675 940 2720 (p.
962 2675 1039 2719 262)
1060 2687 1078 2708 e
1097 2676 1232 2715 ere'tem,
1253 2686 1335 2718 gen.
1356 2674 1517 2711 creitme:
1536 2675 1621 2708 item
1639 2674 1687 2715 in,
1709 2675 1791 2708 scri-

243 2740 345 2780 ptum
362 2733 376 2766 i
391 2745 471 2767 cum
489 2733 594 2774 linea,
609 2737 691 2765 ante
709 2744 726 2765 c·
742 2732 779 2765 in
797 2731 833 2764 in
847 2732 984 2772 ceolam,
999 2731 1191 2771 incechtmz,
1206 2736 1246 2763 ut
1256 2731 1291 2764 in
1304 2730 1340 2764 ὺι
1354 2731 1466 2764 ΐιιάῐΐΙι
1478 2732 1514 2764 in
1527 2731 1647 2764 codice
1656 2731 1787 2771 Neob.,

243 2791 306 2824 ubi
323 2794 464 2824 vetusta
480 2789 605 2834 lingua
622 2789 780 2835 postulat
796 2787 853 2829 ic„
866 2787 906 2821 it.
935 2789 1083 2822 Formae
1095 2800 1198 2833 porro
1213 2787 1427 2821 recentiores
1445 2799 1465 2820 a
1478 2787 1648 2831 scriptore
1660 2787 1792 2820 codicis

242 2852 328 2880 sunt
351 2847 440 2879 dona
463 2847 635 2880 articulus
654 2846 763 2880 dativi
781 2845 873 2890 plur.
893 2857 956 2890 pro
975 2844 1112 2885 (ἷοηαῖῖ),
1135 2844 1299 2884 ben-nacla,
1322 2856 1384 2888 pro
1403 2855 1473 2888 quo
1491 2849 1544 2877 est
1563 2843 1713 2877 bemlach
1731 2843 1790 2876 ad-

241 2904 312 2937 huc
338 2904 375 2936 in
393 2903 491 2942 Wb„
514 2907 770 2937 transsumtum
788 2902 848 2936 lat.
871 2902 1076 2936 benedicere.
1113 2901 1303 2934 Contracta
1321 2906 1439 2934 tamen
1457 2900 1570 2933 forma
1587 2912 1620 2933 es
1637 2900 1790 2945 particu-
