1920 3220
271 196 351 234 654
595 197 673 236 IV.
701 198 739 235 2.
777 209 1148 236 PRAEPosITIONEs
1171 208 1483 236 BRITANNICAE.

269 308 385 357 dum,
410 307 651 360 legendum,
676 307 1021 361 praedicandum)
1043 308 1100 361 fq.
1142 307 1281 348 Possit
1312 307 1444 347 videri
1466 315 1555 347 orta
1576 307 1676 347 haec
1698 322 1814 361 prae-

267 377 420 430 positio
442 377 664 417 eoalitione
685 392 826 431 praep.
852 393 886 425 e,
913 393 975 427 en,
1000 385 1040 417 et
1063 379 1194 417 subst.
1216 377 1323 430 quit,
1346 378 1500 416 cambr.
1524 379 1663 431 qud,
1685 385 1733 417 ut
1754 385 1815 417 est

270 447 313 487 in
336 448 451 487 Mab.
470 461 478 486 z
503 462 560 501 yn
581 462 630 487 eu
648 449 778 502 yzoyd
796 449 952 499 (eoram
974 447 1053 495 eis3
1080 447 1131 487 cf.
1157 446 1440 500 hiberu.fia(Z
1457 461 1498 499 p.
1523 451 1621 499 588)
1646 452 1683 496 2,
1707 451 1809 493 24ος

270 519 341 557 sed
378 524 581 557 tractatur
608 524 657 557 ut
685 517 863 571 simplex
893 517 1144 571 praepositio
1173 516 1216 556 in
1249 516 1509 556 connexione
1538 532 1635 556 cum
1664 531 1813 570 prono-

268 587 451 628 minibus
475 587 652 628 suffixis.

380 659 587 712 Exempla
617 657 936 712 praepositionis
968 671 1064 696 eum
1092 656 1410 710 pronominibus
1441 656 1603 696 suffixis
1626 670 1647 695 e
1669 656 1808 696 Buh.:

269 730 463 773 brassoch
496 743 520 769 α
542 744 629 782 pep
662 734 704 769 tec
735 727 926 782 eyzcetoff
938 726 1086 779 (major
1119 727 1291 767 omnino
1312 726 1472 766 ratione
1493 726 1636 767 habita
1656 727 1708 766 ad
1729 741 1809 775 me,

267 802 399 856 major
421 815 547 854 quam
569 800 662 852 ego)
689 803 754 846 74,
783 801 848 837 23.
879 811 978 852 muys
1001 797 1198 851 eyecv'doff
1210 797 1359 850 (major
1380 811 1506 850 quam
1528 799 1621 850 ego)
1648 801 1713 846 78,
1744 802 1806 836 11.

266 888 317 914 oze
348 871 476 926 caffit
504 874 599 923 quet
624 868 743 922 yzcell
771 867 976 921 eyaedoff
995 869 1100 919 (non
1130 867 1291 907 habetis
1320 867 1535 907 meliorem
1565 875 1649 920 me)
1675 872 1740 916 84,
1769 872 1807 907 4.

267 941 462 983 brassoeh
493 954 586 979 vexo
618 943 687 978 net
716 938 888 991 effecedot
918 937 1067 990 (major
1098 936 1177 976 erit
1208 950 1334 989 quam
1356 940 1420 990 tu)
1446 941 1512 987 88,
1544 942 1608 977 19.
1654 939 1807 978 Porro:

265 1011 433 1067 09(ιὶζῖοί
452 1012 488 1050 J
486 1024 556 1049 esu
583 1023 675 1048 men
703 1007 847 1060 suppli
867 1008 936 1058 (ad
960 1014 1000 1047 te
1020 1008 1125 1047 Jesu
1146 1006 1380 1060 supplico),
1405 1013 1525 1047 sanct
1545 1009 1646 1062 (levy
1668 1008 1814 1060 suppli

265 1080 464 1136 effleidoff
483 1082 643 1132 (sancte
666 1078 864 1126 Davides,
890 1092 959 1117 ora
990 1091 1065 1130 pro
1086 1079 1170 1129 me)
1199 1080 1291 1124 194,
1320 1078 1385 1114 21.
1417 1079 1509 1123 198,
1540 1080 1604 1114 13.
1639 1076 1714 1116 leo:
1737 1077 1811 1116 boa

262 1150 454 1203 {solennet
481 1154 650 1201 (ἑρκείου
673 1149 938 1201 (mandatum
961 1155 1024 1188 est
1045 1163 1068 1187 a
1088 1146 1205 1187 vobis
1229 1147 1281 1186 ad
1302 1147 1412 1197 nos),
1438 1144 1486 1185 πί
1502 1146 1696 1199 yalsesde
1717 1152 1813 1200 ques

264 1225 433 1273 (ψιθίου
454 1233 623 1259 sarman
647 1221 664 1271 ζ
666 1233 751 1258 11011
772 1218 948 1271 potuisti
969 1217 1089 1257 nobis
1112 1216 1397 1268 sermocinari)
1423 1220 1488 1264 34,
1517 1220 1554 1254 2.
1584 1221 1648 1264 74,
1678 1219 1715 1255 2.

582 1374 634 1412 Β.
681 1372 1126 1427 Praepositiones
1166 1371 1487 1411 nominales.

377 1496 488 1536 Sunt
523 1495 757 1548 frequentia
786 1496 912 1536 etiam
939 1495 1177 1536 britannica
1200 1494 1387 1543 nomina,
1412 1494 1645 1547 plurimum
1659 1494 1806 1548 juncta

263 1581 358 1606 eum
378 1565 758 1620 praepositionibus
780 1565 972 1620 propriis,
998 1565 1219 1619 fungentia
1239 1579 1411 1605 munere
1433 1565 1805 1619 praepositionum.

376 1637 409 1676 C
424 1637 536 1676 amb
549 1635 664 1675 rica
693 1635 899 1689 ejusmodi
929 1635 1103 1675 nomina
1132 1636 1485 1689 praepositionem
1516 1644 1589 1676 aut
1614 1637 1808 1690 praemit-

261 1713 373 1755 tunt,
399 1712 472 1745 aut
494 1705 621 1745 etiam
641 1712 904 1759 postponunt
926 1706 1153 1746 interdum.

377 1780 414 1815 1.
449 1775 872 1816 Praemittentia
900 1776 1372 1830 praepositionem.
1400 1779 1569 1817 Horum
1586 1777 1804 1830 quaedam,

261 1861 297 1885 e.
322 1860 384 1898 gr.
410 1860 458 1900 ys
481 1845 684 1898 (spatium
695 1845 745 1897 ?)‚
771 1845 846 1894 hit,
873 1846 960 1899 ἦρί,
982 1846 1071 1900 hyd
1090 1847 1363 1900 (longitudo),
1383 1848 1557 1887 fortasse
1572 1848 1662 1901 jam
1683 1861 1807 1899 supra

260 1922 539 1955 memoratum
569 1915 754 1969 laerwyd,
780 1914 932 1967 quibus
963 1917 1059 1955 addi
1088 1925 1281 1969 possunt,
1309 1925 1357 1957 ut
1384 1917 1564 1966 videtur,
1590 1917 1716 1957 etiam
1737 1918 1806 1956 ad-

255 1985 423 2039 jectiva,
450 1999 485 2024 e.
511 1999 572 2037 gr.
598 1999 680 2034 cer,
704 1999 793 2039 θεν,
815 1985 908 2039 {seir
930 1987 1023 2037 (ad3
1058 1987 1222 2027 hibern.
1254 1988 1365 2041 quir,
1392 1987 1588 2040 vicinus),
1617 1986 1706 2039 jam
1734 2001 1808 2038 per

261 2070 303 2095 se
334 2055 450 2094 nuda
488 2061 537 2094 ut
565 2055 894 2108 praepositiones
923 2063 1155 2109 ponuntur.
1200 2057 1325 2096 Vocis
1356 2056 1482 2110 hujus
1510 2071 1586 2110 {jer
1616 2056 1807 2109 exempla

259 2140 358 2165 mox
386 2124 496 2164 inter
524 2124 786 2164 substantiva
813 2127 999 2165 membra
1028 2126 1209 2179 eorporis
1232 2126 1497 2180 designantia
1519 2134 1559 2167 et
1580 2127 1669 2167 1000
1690 2141 1806 2180 prae-

258 2194 517 2248 positionum
543 2194 681 2246 posita
712 2196 808 2247 (sub
842 2196 995 2244 bronn,
1026 2196 1140 2248 llam)
1173 2203 1414 2245 oocurrent3
1450 2197 1705 2249 reliquarum
1736 2210 1805 2235 vo-

259 2279 356 2304 eum
377 2272 462 2304 tam
484 2265 694 2304 nudarum
715 2279 841 2317 quam
855 2265 1101 2318 junctarum
1120 2280 1217 2306 cum
1233 2266 1408 2319 propriis
1426 2265 1804 2320 praepositionibus

259 2335 451 2387 exempla
472 2334 551 2374 1100
572 2334 662 2374 1000
685 2336 889 2387 quaedam
911 2336 1144 2375 tradantur.

372 2403 445 2443 YS
470 2403 585 2455 (inde
617 2406 680 2456 a):
714 2418 897 2458 ysgywers
924 2406 987 2460 yd
1013 2405 1112 2459 wyf
1123 2420 1179 2459 yn
1201 2405 1378 2446 kez'ssccw
1401 2405 1564 2445 aolehez'
1581 2405 1813 2460 zvyycleclyf

258 2474 373 2526 (inde
395 2488 419 2513 a
440 2472 575 2526 spatio
596 2487 690 2512 sum
712 2488 929 2526 quaerens,
954 2476 1115 2515 dudum
1137 2475 1323 2529 quaesivi
1345 2475 1417 2528 qui
1438 2475 1595 2515 lavaret
1615 2474 1804 2528 gladium

257 2544 416 2595 meum)
439 2543 555 2582 Mab.
583 2546 621 2591 2,
649 2546 744 2582 229.
775 2559 802 2597 3]
828 2545 998 2597 queelsee'
1024 2560 1077 2599 yr
1106 2546 1289 2600 ystalgsm
1311 2545 1489 2597 (viderat
1512 2544 1602 2597 jam
1622 2545 1800 2596 dudum)

259 2618 297 2663 3,
324 2618 387 2653 14.
413 2627 468 2667 ny
490 2611 628 2652 welez's
648 2626 701 2666 Ψ·
720 2627 769 2667 ys
790 2613 897 2653 seith
914 2615 1085 2669 mlyned
1103 2617 1247 2669 undyn
1266 2617 1369 2667 (non
1386 2614 1471 2654 vidi
1488 2614 1585 2653 inde
1603 2629 1626 2654 a
1643 2622 1801 2668 septem

256 2683 377 2723 annis
400 2696 534 2721 unum
555 2682 788 2735 hominem)
814 2688 851 2732 3,
884 2689 975 2723 157.

369 2753 479 2792 HIT
502 2752 755 2805 (longitudo,
780 2767 922 2806 praep.
948 2768 1080 2807 usque
1105 2755 1174 2806 ad)
1197 2754 1286 2794 sine
1307 2754 1613 2808 praepositione
1634 2754 1801 2807 propria

249 2823 338 2875 jam
369 2822 412 2861 in
442 2821 581 2862 codice
614 2822 847 2862 Lichfeld.:
879 2822 943 2863 leit
972 2824 1049 2864 (lid
1076 2825 1200 2864 bremt
1229 2827 1380 2878 (usque
1409 2825 1462 2864 ad
1488 2824 1599 2864 diem
1622 2823 1795 2877 judicii,

255 2893 369 2932 Mab.
399 2895 436 2940 2,
465 2895 559 2931 212.
588 2896 690 2931 238;
723 2892 800 2946 hyl
828 2894 917 2947 dycl
943 2894 1092 2945 brawt)
1121 2895 1315 2947 Append.
1341 2894 1435 2933 libr.
1471 2895 1606 2934 Land.
1631 2907 1673 2946 p.
1702 2897 1795 2932 271.
