1920 3220
304 187 357 226 V.
387 189 424 224 1.
469 196 709 224 DERIVATIO
732 196 914 223 GALLicA
938 197 991 223 ET
1015 195 1261 223 11113ERNICA
1282 194 1506 222 TENomM.
1600 180 1672 218 761

137 300 181 339 in
216 298 315 339 villa
344 297 621 351 Seguntiaco,
656 297 849 335 Marteno
879 300 913 343 1,
943 299 1009 334 55.
1035 295 1085 334 de
1120 294 1220 334 villa
1248 293 1532 346 Arguntiaco,
1566 291 1677 330 Bou.

135 370 223 408 Jul.
253 373 291 416 6,
319 372 414 406 2οε).

251 438 318 477 ST
347 437 487 476 minus
517 436 726 488 frequens.
771 435 902 475 AST:
940 431 1144 474 Τόλαστα
1168 449 1234 486 ap.
1262 435 1373 474 Ptol.
1401 435 1515 478 (mox
1538 431 1678 481 infra).

137 507 461 554 monasterium,
494 507 604 558 quod
635 512 906 558 nuncupatur
937 505 1137 552 Malaste,
1171 503 1273 556 dipl.
1310 518 1346 542 a.
1376 508 1480 552 535,
1514 501 1680 541 Mabill.

137 576 238 630 dipl.
259 591 301 629 p.
324 580 419 624 523,
441 576 646 629 siquidem
668 575 711 614 in
731 575 808 613 hoc
826 588 910 613 non
929 582 991 613 est
1008 573 1266 626 compositio.
1299 573 1484 612 Nomina
1501 572 1684 611 virorum

137 647 249 699 apud
279 645 528 698 Gregoriuni
561 646 745 684 ‘sumna
779 643 975 683 Vinastes
1008 644 1080 695 (al.
1109 643 1345 693 Vivastes)‚
1379 644 1429 681 de
1458 641 1601 681 mirac.
1635 642 1679 680 S.

137 716 265 754 Mart.
293 719 330 763 2,
358 720 424 754 23,
459 716 661 755 vedastes
684 721 961 766 cognomento
982 714 1073 753 Avo
1097 712 1216 764 (civis
1240 713 1420 763 'sm-on.)
1440 711 1556 751 nist.
1580 716 1618 759 7,
1642 715 1679 748 3.

137 785 391 833 Leudastes,
425 785 650 824 Leodastes
676 788 721 832 5,
761 788 825 822 14.
854 787 920 822 48.
950 788 996 832 6,
1025 787 1091 822 32.
1117 784 1167 821 de
1188 781 1281 821 mir.
1309 782 1352 821 S.
1388 782 1517 820 Mart.
1546 784 1584 827 2,
1613 784 1679 819 58.

138 855 372 903 Bladastos‚
398 855 646 894 Blandastes
671 859 709 902 (5,
741 857 804 892 12.
835 859 871 901 7,
900 857 966 892 28.
996 857 1061 901 34,
1087 859 1135 891 ut
1165 851 1337 891 nomina
1360 850 1613 904 Polyptychi
1636 850 1680 889 S.

137 924 380 972 Irminonis,
402 923 584 963 francica
606 931 705 963 sunt
722 924 914 963 habenda
931 930 971 962 et
988 921 1216 975 composita
1234 922 1363 972 (-gast
1376 936 1386 968 3
1413 920 1464 959 cf.
1488 918 1686 959 (irimmii

138 994 302 1033 Histor.
329 994 499 1046 linguae
520 1008 650 1046 germ.
683 999 717 1042 1,
747 996 860 1045 5-11).
901 993 1030 1032 EST:
1061 986 1297 1031 Ossae'zeozov
1320 990 1478 1043 (oppid.
1506 989 1685 1029 Tolisto-

136 1063 265 1116 bojor.
292 1063 337 1102 in
357 1064 458 1103 Asia
479 1064 649 1115 minori)
676 1064 785 1103 Ptol.
814 1064 984 1113 Segeste
1008 1062 1199 1113 (Carnor.
1225 1060 1387 1113 oppid.)
1413 1059 1525 1100 Plin.
1553 1064 1590 1107 3,
1615 1063 1680 1097 19.

138 1134 335 1185 Tergeste
365 1133 556 1185 (gallicae
587 1132 805 1185 originisf)
839 1131 952 1171 Plin.
998 1132 1163 1178 Forest,
1196 1129 1405 1169 forestella
1428 1129 1498 1180 (cf.
1523 1142 1565 1181 p.
1593 1130 1681 1179 93).

136 1203 254 1242 IST:
281 1202 526 1255 Tolistoboji
549 1204 664 1256 (pop.
689 1202 790 1255 gall.
808 1218 818 1249 ;
845 1201 896 1240 cf.
927 1197 1130 1240 Τόλαστα
1151 1197 1324 1254 χωρίον,
1346 1199 1518 1239 Tolasta
1539 1197 1686 1236 castel-

136 1272 226 1311 lum
246 1272 372 1311 Asiae
394 1271 566 1311 minoris
597 1272 710 1325 apud
731 1273 912 1311 eundem
932 1271 1152 1324 populum,
1178 1271 1289 1310 Ptol.
1318 1275 1356 1318 5,
1383 1271 1426 1321 4)
1449 1268 1542 1308 Liv.
1568 1267 1682 1307 Plin.

136 1342 342 1382 Venostes
375 1343 490 1395 (pop.
523 1341 676 1394 alpin..)
707 1342 840 1381 Inscr.
875 1348 981 1393 trop.
1016 1355 1083 1394 ap.
1121 1341 1234 1380 Plin.
1265 1344 1311 1389 3,
1340 1344 1407 1378 20.
1442 1338 1579 1378 UST:
1613 1337 1685 1376 Se-

136 1419 359 1464 gusterone
382 1411 499 1463 (Alp.
524 1410 686 1463 marit.)
709 1411 830 1459 Iti11.‚
860 1410 895 1450 si
924 1425 1011 1450 non
1043 1409 1321 1463 compositum
1343 1409 1413 1463 (cf.
1440 1409 1514 1448 lat.
1541 1415 1686 1447 terres-

138 1481 226 1530 tris,
252 1480 484 1534 palustris).

250 1551 322 1590 CT
345 1549 571 1590 derivantIS
594 1556 760 1590 vetusta
781 1550 972 1603 exempla
993 1549 1149 1589 rariora
1170 1556 1284 1589 sunt.
1326 1549 1464 1589 ACT:
1492 1547 1686 1588 Bibracte

138 1620 297 1673 (oppid.
322 1621 507 1660 Aeduor.
524 1635 535 1667 ;
561 1634 582 1659 e
606 1619 731 1668 biber,
752 1621 869 1668 fiber,
890 1635 932 1673 p.
955 1622 1042 1671 44),
1069 1620 1332 1672 Epasnactus
1355 1620 1586 1669 (Arvernus
1599 1634 1609 1665 3
1636 1632 1687 1656 ex

138 1705 200 1742 ep,
228 1704 373 1742 equus,
399 1696 438 1728 et
461 1703 574 1737 asem,
601 1689 805 1741 asinus'3),
827 1690 1042 1728 ambactus
1066 1690 1205 1737 Caes„
1228 1688 1456 1741 quaeritur,
1476 1702 1580 1727 num
1602 1687 1687 1727 sint

137 1759 322 1799 derivata
344 1774 397 1798 an
419 1758 695 1812 composita*
727 1760 976 1798 Caractacus
1000 1759 1100 1798 Tac.
1121 1758 1274 1798 rectius
1295 1758 1421 1797 fuerit
1439 1759 1682 1805 Caratacus,

137 1844 243 1882 quae
261 1829 417 1868 scilicet
434 1828 565 1868 forma
582 1828 761 1868 occurrit
778 1829 822 1867 in
840 1828 1057 1881 Inscript.,
1076 1835 1117 1868 et
1133 1828 1294 1868 obtinet
1310 1828 1446 1868 adhuc
1464 1828 1509 1867 in
1526 1829 1682 1867 cambr.

136 1906 218 1938 vet.
251 1900 463 1939 caratauc
485 1900 544 1951 (p.
572 1900 659 1950 96).
705 1899 833 1937 Porro
856 1899 967 1938 ECT
997 1905 1038 1938 et
1060 1899 1173 1938 OCT
1195 1898 1336 1937 forsan
1363 1897 1407 1937 in
1438 1897 1525 1937 his:
1551 1898 1687 1937 Auec-

138 1968 237 2016 tius,
263 1967 481 2008 Senectius
504 1970 574 2020 (ex
604 1968 772 2008 civitate
801 1967 1073 2021 Nerviorum)
1096 1967 1189 2008 Liv.
1216 1968 1316 2022 epit.
1347 1973 1439 2008 139.
1474 1968 1687 2008 Verudoc-

138 2038 222 2078 tius
242 2037 503 2091 (Helvetius)
526 2038 645 2078 Caes.

230 2229 245 2244 ²⁸
272 2228 309 2261 Si
330 2234 450 2273 posset
466 2230 553 2263 fides
572 2230 693 2263 haberi
712 2230 998 2275 interpretationi
1016 2230 1164 2275 gallicae
1182 2231 1278 2264 vocis
1296 2242 1423 2264 exaecm
1441 2242 1496 2275 ap.
1517 2230 1611 2263 Plin.
1629 2232 1684 2271 25,

140 2288 178 2317 (ὴ
204 2282 436 2318 “centaurion
456 2286 568 2319 nostri
586 2286 633 2319 fel
651 2292 764 2320 terrae
781 2292 910 2320 vocant
927 2293 1071 2332 propter
1088 2287 1362 2320 amaritudinem
1380 2299 1564 2327 summam,
1591 2286 1691 2320 Galle·

137 2352 275 2380 earaeon,
297 2341 464 2384 quoniam
488 2342 607 2375 omnia
630 2342 723 2375 mala
748 2343 1007 2377 medicamenta
1032 2349 1156 2388 potum
1185 2355 1203 2376 e
1232 2355 1377 2388 corpore
1405 2343 1526 2387 exigat
1551 2355 1611 2387 per
1637 2343 1685 2375 al-

138 2394 256 2436 vuni''‚
285 2401 319 2429 et
345 2397 373 2429 si
408 2398 531 2431 liceret
559 2398 641 2431 inde
666 2399 819 2432 radicem
847 2399 1010 2443 gallicam
1041 2412 1082 2433 ccc
1107 2400 1236 2433 habere
1270 2400 1419 2433 eandem
1445 2411 1525 2432 eum
1550 2399 1611 2432 lat.
1641 2410 1686 2442 ay

141 2452 287 2497 (agere),
302 2453 404 2487 facile
423 2459 515 2488 esset
532 2466 653 2488 vocem
672 2455 850 2488 ambaotas
867 2461 991 2500 putare
1011 2455 1242 2500 compositam
1261 2456 1520 2500 significantem
1539 2455 1686 2488 circum-

138 2514 316 2553 agentem,
337 2510 393 2543 vel
419 2510 682 2551 circumactum,
705 2512 881 2552 comitem,
903 2524 1056 2546 servum.
1094 2512 1164 2545 Sed
1188 2512 1391 2546 intellectus
1417 2511 1631 2545 causationis
1651 2515 1687 2543 et

141 2565 380 2609 generationis
406 2567 527 2600 subest
551 2566 662 2600 radici
689 2579 728 2600 ac
753 2572 825 2601 tam
852 2568 888 2601 in
913 2567 1104 2601 hibernicis
1130 2568 1289 2608 vocibus,
1311 2568 1424 2602 obviis
1443 2568 1534 2600 inter
1551 2567 1688 2611 glossas

140 2626 308 2661 vetustas,
338 2633 368 2655 e.
388 2634 441 2666 gr.
470 2623 679 2666 az'esenoffnd
702 2623 908 2669 (causatio),
940 2623 1178 2657 2'n‹laz'esmzcl2'‹l
1203 2624 1332 2668 (causa,
1362 2624 1539 2668 propter),
1567 2623 1689 2656 (cz'cnecl

142 2678 315 2722 (natura),
344 2678 451 2710 nieme
470 2678 629 2722 (genus),
652 2691 756 2723 qnam
782 2680 818 2712 in
844 2680 1045 2720 cambrieis,
1068 2692 1098 2713 e.
1118 2692 1170 2725 gr.
1192 2681 1253 2713 (eelz
1276 2680 1434 2724 (genus),
1457 2681 1602 2712 aehmon
1622 2679 1687 2723 (in-

144 2735 265 2778 guen).
303 2734 434 2767 Contra
460 2740 513 2767 est
538 2734 644 2767 etiam
670 2735 772 2768 radix
794 2735 932 2769 hibern.
952 2736 1022 2781 azy,
1043 2748 1087 2781 “9
1113 2736 1149 2769 in
1174 2736 1338 2780 atomm'q,
1363 2735 1502 2779 cctobazy
1522 2735 1570 2781 (p.
1590 2736 1683 2780 336),

140 2789 409 2833 significationis
428 2802 498 2823 non
517 2791 675 2825 diversae
693 2804 713 2826 a
729 2792 850 2826 latina.
