1920 3220
263 178 346 216 914
549 176 627 215 VI.
657 179 694 214 2.
740 187 1035 214 CONSTRUCTIO
1058 187 1239 214 ΡοΕΤιοΑ
1267 187 1524 215 Η1ΒΕ11Ν1οΑ.

264 297 327 329 031
352 302 494 328 versus
518 288 697 327 duorum
718 287 1000 327 membrorum
1021 301 1117 327 cum
1138 293 1250 326 certo
1272 287 1527 340 syllabarum
1549 301 1738 335 numero,
1765 296 1814 327 ut

265 359 349 400 sint
380 359 462 397 duo
493 356 587 405 loci,
614 371 636 397 e
664 356 815 410 quibus
844 357 1085 396 assonantia
1115 356 1332 410 disposita,
1361 371 1445 396 una
1476 357 1638 405 saltem,
1663 357 1813 396 melius

266 430 405 483 plures
419 460 430 477 ,
467 426 545 467 sibi
580 427 844 480 respondeat.
889 426 1044 466 Rarius
1081 433 1305 466 occurrunt
1341 440 1484 466 versus
1522 426 1649 466 trium
1683 441 1812 466 mem-

265 501 449 539 brorum.
494 498 548 537 In
578 511 682 537 una
710 496 857 536 linea
887 496 1127 536 scribuntur
1149 496 1248 536 bina
1269 497 1455 536 membra
1475 496 1520 535 111
1542 496 1769 536 codicibus.

381 569 434 608 In
463 567 528 608 his
559 582 703 608 versus
734 566 930 607 membris
963 565 1203 605 assonantia
1234 566 1403 618 quaevis
1434 566 1692 619 disponitur,
1731 572 1815 605 tam

266 640 457 688 initialis,
483 653 610 692 quam
632 637 786 686 finalis,
812 637 878 676 vel
899 635 1025 675 etiam
1047 635 1308 683 intermedia,
1334 635 1369 675 si
1391 637 1522 684 adest,
1548 637 1599 675 ob
1621 644 1816 676 ornatum

269 718 436 751 tantum
466 709 679 749 interdum
709 707 850 748 addita
876 720 953 745 nec
976 712 1135 745 certum
1156 706 1295 745 locum
1315 719 1506 758 poscens.
1550 706 1732 745 Initialis
1754 720 1816 745 as-

269 780 462 821 sonantia
489 794 577 819 non
607 778 744 818 solum
772 777 817 816 111
846 777 1010 816 duobus
1042 789 1184 815 versus
1205 775 1417 823 membris,
1443 783 1517 815 aut
1537 775 1581 815 in
1605 775 1726 815 initio
1747 790 1816 815 011-

263 851 398 905 jusvis
420 849 556 903 posita
578 857 651 889 aut
672 848 716 888 in
738 846 889 896 medio,
916 846 1124 900 disparata
1148 859 1235 885 esse
1256 852 1408 899 potest,
1435 860 1560 899 quam
1581 846 1673 886 dico
1705 860 1818 885 con-

271 930 315 962 tr
328 936 388 974 ap
402 935 424 960 o
438 919 621 967 sitam,
642 919 712 958 sed
735 917 861 957 etiam
882 916 925 956 111
948 917 1110 956 duabus
1133 915 1303 956 vocibus
1327 916 1514 969 ejusdem
1530 915 1706 955 membri
1724 917 1818 955 sub-

271 990 542 1044 sequentibus
565 989 767 1029 collocata
787 987 854 1026 vel
884 1001 904 1026 c
917 1000 940 1026 0
953 1000 1045 1025 1130
1058 1000 1078 1025 0
1091 985 1216 1025 iata.
1256 987 1369 1026 Rara
1390 994 1452 1026 est
1473 994 1546 1026 aut
1567 986 1611 1025 in
1634 986 1820 1038 ejusdem

271 1075 414 1102 versus
452 1058 649 1099 membris
682 1065 754 1097 aut
792 1056 836 1096 in
865 1056 1030 1096 duobus
1072 1055 1258 1096 versibus
1298 1056 1504 1110 copulatis
1543 1057 1591 1096 al
1606 1063 1822 1096 ternans

271 1134 450 1173 duarum
477 1143 770 1177 consonarum,
796 1142 882 1167 11011
912 1141 1001 1166 rara
1035 1134 1178 1166 contra
1203 1127 1476 1166 cumulata
1506 1134 1592 1166 tam
1613 1125 1821 1166 vocalium

272 1217 398 1256 quam
426 1213 632 1241 consonae
660 1213 732 1252 per
754 1204 889 1237 totum
912 1211 1078 1237 versum
1100 1196 1287 1250 ejusdem
1308 1211 1382 1237 seu
1403 1196 1448 1236 in
1471 1197 1616 1250 quovis
1637 1196 1823 1235 membro

273 1274 472 1314 diversae.

387 1341 546 1383 Finalis
569 1338 833 1381 assonantiae
855 1337 1047 1378 certiores
1066 1337 1146 1378 1001
1168 1346 1268 1378 311111
1289 1345 1363 1378 aut
1378 1337 1475 1377 finis
1492 1337 1669 1377 membri
1686 1337 1825 1390 cujus-

275 1416 336 1455 vis
368 1413 556 1467 ejusdem
585 1425 728 1451 versus
761 1416 834 1449 aut
859 1408 956 1448 finis
979 1409 1158 1448 duorum
1179 1423 1376 1448 versuum
1398 1408 1475 1448 hac
1497 1407 1738 1448 assonantia
1760 1422 1825 1447 co-

276 1486 532 1539 pulatorum.
579 1483 724 1522 Potest
746 1493 842 1532 ergo
864 1478 946 1517 dici
967 1478 1040 1517 illa
1070 1486 1296 1532 contrap
1311 1478 1452 1519 osita
1481 1478 1584 1518 haec
1614 1477 1826 1531 copula-

278 1556 401 1596 tiva.
456 1553 589 1595 Solita
627 1559 691 1591 est
727 1549 905 1602 simplex
933 1548 1171 1601 copulativa
1200 1548 1336 1602 posita
1365 1549 1410 1588 in
1439 1550 1523 1589 fine
1551 1547 1828 1602 posteriorum

279 1640 476 1666 versuum
511 1623 820 1667 membrorum3
861 1619 932 1658 sed
969 1618 1183 1658 interdum
1213 1619 1372 1659 accedit
1402 1618 1485 1658 alia
1515 1617 1642 1658 etiam
1671 1617 1716 1657 in
1744 1619 1829 1657 fine

279 1697 468 1751 priorum
496 1693 794 1739 membrorum,
820 1689 878 1730 ita
908 1696 956 1729 ut
986 1690 1060 1728 fiat
1089 1688 1411 1743 copulativa
1449 1688 1660 1741 duplex.
1704 1688 1830 1727 Asso-

281 1767 430 1808 nantia
460 1762 698 1817 copulativa
727 1760 1046 1801 continuata
1074 1774 1148 1813 per
1177 1773 1332 1813 paucos
1360 1772 1504 1798 versus
1535 1758 1648 1811 apud
1676 1757 1831 1797 Hiber-

282 1852 358 1878 nos
390 1834 535 1889 negari
565 1848 651 1873 non
682 1838 834 1885 potest,
859 1845 934 1884 per
964 1830 1105 1883 plures
1133 1829 1178 1869 in
1199 1829 1417 1870 cambricis
1439 1827 1694 1869 carminibus
1715 1842 1832 1880 prae-

284 1909 405 1962 cipue
429 1906 473 1946 in
494 1919 575 1944 11311
596 1910 672 1943 031.
719 1902 795 1941 Ε31
817 1901 943 1941 etiam
963 1915 1049 1940 non
1070 1900 1311 1952 infrequens
1332 1899 1378 1939 in
1398 1899 1534 1939 medio
1556 1913 1629 1951 per
1649 1898 1835 1937 membra

286 1980 338 2020 ad
369 1984 565 2018 ornatum
594 1973 797 2026 majorem
824 1971 1010 2024 dispersa
1040 1984 1127 2010 non
1156 1971 1301 2009 eadem
1329 1984 1426 2009 cum
1455 1967 1737 2021 contraposita
1768 1968 1835 2007 vel

287 2047 539 2102 copulativa,
565 2045 610 2085 in
638 2044 801 2084 duabus
832 2040 1045 2081 interdum
1073 2039 1206 2080 tribus
1237 2039 1407 2080 vocibus
1434 2038 1570 2087 obvia,
1595 2052 1722 2091 quam
1743 2037 1835 2078 dico

287 2118 583 2160 lateralem.

403 2188 595 2229 Membra
615 2198 811 2225 versuum
833 2181 1029 2223 carminis
1051 2187 1210 2220 certum
1228 2179 1484 2234 syllabarum
1499 2193 1724 2219 numerum
1741 2192 1837 2218 con-

292 2263 444 2309 tinent,
465 2273 500 2299 e.
522 2273 584 2311 gr.
611 2263 895 2309 septenarum,
916 2259 1175 2300 octonarum,
1196 2250 1261 2290 vel
1282 2250 1528 2304 pauciorum
1547 2249 1612 2289 vel
1633 2249 1835 2303 plurium,

291 2345 368 2371 1100
387 2338 526 2370 tamen
543 2327 729 2368 obtineat
746 2337 913 2364 necesse
928 2328 990 2362 est
1002 2321 1113 2361 idem
1124 2335 1324 2361 numerus
1337 2321 1591 2374 syllabarum
1607 2319 1651 2359 in
1663 2327 1840 2372 utroque

292 2402 478 2441 membro
508 2412 651 2439 versus
682 2397 748 2437 vel
777 2395 822 2434 in
851 2393 1045 2434 omnibus
1076 2392 1263 2432 versibus
1285 2390 1473 2444 ejusdem
1494 2389 1703 2430 carminis.
1748 2390 1839 2429 Nu-

293 2485 457 2512 merum
487 2469 744 2523 syllabarum
773 2464 976 2519 cujusque
1008 2462 1184 2503 membri
1215 2461 1389 2502 definire
1419 2461 1487 2501 vel
1507 2474 1731 2500 numerum
1752 2473 1840 2498 ver-

295 2556 420 2583 suum
441 2538 788 2593 copulandorum,
814 2550 850 2575 e.
875 2549 937 2588 gr.
963 2535 1143 2574 duorum
1163 2532 1229 2573 vel
1250 2538 1442 2585 quatuor,
1467 2537 1516 2570 ut
1537 2531 1641 2570 fiant
1662 2528 1842 2569 disticha

296 2613 363 2652 vel
393 2610 602 2663 strophae,
628 2608 694 2648 vel
724 2606 851 2646 etiam
874 2604 1053 2657 jungere
1084 2616 1226 2642 versus
1248 2601 1338 2641 sine
1361 2608 1472 2641 certo
1493 2614 1668 2640 numero
1689 2599 1734 2638 in
1756 2613 1842 2639 car-

297 2682 426 2731 mine,
452 2684 497 2720 in
518 2677 688 2719 arbitrio
709 2679 855 2730 poetae
878 2682 953 2714 est.

414 2749 656 2797 Quaeritur,
677 2763 730 2788 an
753 2745 1008 2800 syllabarum
1028 2741 1196 2795 majoris
1219 2749 1259 2781 et
1281 2740 1452 2781 minoris
1474 2747 1669 2780 accentus
1691 2739 1735 2779 in
1757 2753 1845 2778 ver-

302 2838 425 2864 suum
453 2819 650 2861 membris
681 2814 983 2858 alternantium
1004 2820 1115 2852 certa
1136 2811 1262 2852 fuerit
1282 2811 1441 2865 regula.
1487 2809 1651 2863 Conjici
1671 2815 1848 2862 possunt

302 2909 338 2933 c.
363 2889 626 2945 111-,111011111Γί
658 2896 818 2941 septem
850 2885 1103 2939 syllabarum
1134 2881 1394 2935 frequentius
1426 2880 1571 2921 usitati
1593 2894 1667 2932 pro
1688 2878 1849 2918 diversa
