1920 3220
255 177 335 215 954
528 178 606 216 VI.
636 180 673 215 2.
716 189 1010 216 oonsrnucrro
1032 189 1213 216 PonricA
1236 189 1520 216 BRi‘rAix‘NicA.

450 294 541 327 Non
562 297 746 328 memorat
771 290 997 328 Gododinus
1019 291 1058 326 in
1081 291 1162 326 solo
1185 291 1365 338 Mordeji.

451 364 538 394 ante
559 359 767 395 tentorium
788 358 959 394 Matauci
982 371 1068 393 cum
1088 359 1360 397 revertebatur,

449 425 523 461 nisi
546 439 665 461 unum
688 439 707 461 e
730 432 883 461 centum
906 438 993 461 eum
1015 417 1344 472 aggredientein.”

443 522 629 565 “Caeauc
651 528 887 564 condomitor
909 528 1027 564 sumit
1046 529 1199 563 hastam
1221 540 1342 571 suam,

445 597 605 633 incurrit
624 602 667 632 ut
688 596 816 643 aquila
836 596 875 630 in
895 596 1005 631 litore
1029 608 1115 631 cum
1137 594 1282 630 irritata
1303 600 1374 630 est.

448 665 547 711 Ejus
570 664 722 711 signum
743 663 816 698 fuit
837 668 927 698 nota
949 675 1046 709 quae
1069 666 1147 697 erat
1169 666 1336 708 accepta.

446 732 544 767 bene
565 731 726 779 perfecit
746 734 930 765 tesseram
948 743 953 764 :
983 741 1060 764 non
1080 730 1295 764 recessum}

447 800 550 834 Ante
573 798 783 834 exercitum
806 797 999 833 Gododini
1021 810 1068 832 ex
1090 808 1166 843 quo
1188 795 1334 831 celatus
1357 802 1415 830 est

444 866 662 912 praeclarus
684 866 731 900 ad
752 864 967 912 urgendum
987 863 1189 912 proelium,
1218 875 1294 910 quo
1316 862 1507 898 exaltatus
1530 871 1621 902 erat.

445 944 523 967 non
544 937 673 968 tuetur
693 945 764 968 nec
784 933 895 968 hasta
916 945 986 967 nec
1009 935 1174 974 scutum,

447 1012 524 1035 non
545 1004 675 1047 potest
694 999 838 1048 perfici,
865 998 1026 1034 nimium
1048 998 1162 1033 alitus
1185 1002 1244 1033 est

444 1067 568 1115 plagis
591 1080 882 1116 congressorum
903 1066 942 1101 in
962 1057 1153 1113 proelio.22

361 1164 445 1204 Hic
478 1178 642 1217 quoque
673 1165 867 1204 restituta
897 1170 1059 1203 vetusta
1087 1162 1312 1215 scriptione
1334 1164 1511 1203 redeunt
1533 1162 1795 1203 assonantiae

247 1236 451 1287 quaedam
466 1250 473 1274 :

472 1328 514 1363 ni
539 1325 543 1379 ι
571 1327 672 1363 cz'liei
692 1341 711 1362 0
739 1326 744 1374 Ι
772 1340 969 1374 comparem.

471 1409 536 1431 rac·
562 1391 565 1439 ξ
596 1395 709 1430 bodin
726 1394 911 1442 quamdin
938 1424 944 1429 .
976 1423 981 1429 .
1009 1407 1053 1428 αν
1079 1393 1085 1441 Ι
1114 1392 1286 1429 ὂνεῐίίιεῖῖ
1310 1397 1311 1419 ¹
1344 1393 1510 1429 banauv't.

415 1476 483 1510 pro
506 1476 555 1511 ny
578 1461 717 1510 elzyliez'
736 1476 755 1497 0
774 1461 990 1509 qamleczwn.

473 1543 536 1565 rac
559 1529 666 1565 berlin
689 1528 824 1565 odoclz'n
851 1557 857 1563 .
889 1557 895 1562 .
922 1541 966 1563 ar
986 1527 1161 1563 vrez'tlcell
1179 1533 1365 1575 vmzazcyt.
1380 1532 1398 1541 ’

356 1628 423 1666 Ad
442 1627 628 1667 sistenda
658 1626 851 1679 exempla
880 1623 1144 1665 assonantiae
1174 1623 1404 1678 bisyllabae
1426 1632 1466 1663 et
1488 1623 1676 1663 internae
1700 1625 1795 1663 sub-

239 1697 375 1750 jungo
397 1711 561 1736 carmen
587 1696 798 1744 Taiesino,
820 1695 891 1748 qui
913 1695 995 1734 fuit
1016 1694 1200 1748 aequalis
1217 1694 1449 1742 Auem-ino,
1471 1694 1728 1746 adscriptum
1750 1693 1794 1733 in

244 1767 482 1807 narratione
512 1768 561 1806 de
583 1766 661 1806 hoc
683 1770 805 1819 poeta
827 1765 969 1805 addita
991 1764 1165 1805 editioni
1196 1763 1485 1804 narrationum
1508 1763 1659 1803 codicis
1682 1763 1794 1803 rubri

245 1837 380 1887 (Mab.
405 1842 442 1885 3,
468 1841 562 1876 348.
587 1841 688 1884 349;
714 1836 765 1876 cf.
787 1836 899 1875 idem
921 1836 992 1875 sed
1013 1835 1133 1874 valde
1156 1835 1379 1874 alteratum
1401 1834 1445 1873 in
1463 1835 1580 1888 Myv.
1601 1833 1729 1873 Arch.
1757 1840 1791 1882 1,

248 1911 333 1957 36).
363 1902 783 1946 Inscribitur“Bccstl
794 1921 820 1960 y
834 1900 1033 1945 Beirdcff’
1049 1905 1137 1956 (fel,
1150 1904 1223 1952 ira,
1240 1905 1507 1956 Bardorum),
1522 1903 1620 1956 quia
1631 1904 1794 1943 Bardus

245 1976 309 2015 vel
330 1975 470 2029 potius
498 1977 727 2015 Bardorum
748 1976 848 2014 ordo
869 1974 1031 2014 invehit
1053 1975 1097 2014 in
1115 1975 1258 2015 Cleros
1280 1974 1347 2014 vel
1367 1973 1563 2026 reliquias
1581 1973 1794 2013 Druidum

245 2046 400 2086 ordinis
430 2046 619 2098 delapsas
648 2045 692 2084 in
722 2053 940 2084 cantorum
971 2043 1303 2084 mendicantium
1323 2058 1547 2098 pravorum
1570 2042 1794 2083 statun1.**

504 2166 505 2170 ¹
531 2149 620 2185 Cler
641 2164 659 2185 0
678 2163 768 2197 {sam
790 2150 897 2198 mser
918 2162 940 2183 (ι
962 2150 1137 2197 (offerant

504 2220 506 2254 ἓ
532 2217 650 2253 Cathl
668 2216 858 2253 arzmcwz‘ol
876 2230 937 2265 φο
960 2216 994 2251 ei
1013 2216 1176 2252 moliant

503 2282 506 2334 1
532 2285 658 2322 Cerdd
676 2298 802 2332 arza-(cy
825 2284 969 2332 dcleflan
992 2296 1013 2318 α
1031 2288 1178 2330 qancant

502 2350 504 2401 Ν
531 2352 711 2401 Celwydd
731 2350 796 2387 bob
819 2364 940 2386 ccmser
961 2364 983 2386 a
1005 2352 1179 2400 sufferant

340 2490 355 2505 *
380 2489 465 2522 Tam
494 2488 536 2521 de
554 2487 740 2521 Aneurino
759 2498 865 2531 quam
883 2487 926 2520 de
944 2487 1021 2519 aliis
1040 2487 1190 2520 vetustis
1208 2487 1438 2520 Cambrorum
1458 2485 1583 2518 Bardis
1602 2496 1794 2529 eorumque

247 2546 461 2580 carminibus
489 2544 692 2578 doctissime
716 2543 875 2588 disputat
890 2543 1032 2576 libellus
1050 2543 1263 2587 inscriptus:
1280 2541 1338 2576 “A
1356 2541 1585 2575 Vindication
1603 2541 1642 2574 of
1656 2541 1717 2574 the
1734 2552 1794 2585 ge-

246 2603 437 2636 nuineness
462 2601 500 2634 of
521 2601 582 2635 the
608 2600 749 2634 ancient
774 2598 900 2631 british
920 2610 1039 2642 poems
1058 2599 1098 2632 of
1110 2600 1284 2639 Aneurin,
1305 2599 1471 2639 Taliesin,
1492 2597 1677 2642 Llywarch
1695 2597 1790 2637 Hen,

246 2659 316 2693 ancl
327 2659 508 2699 Mcrdhin,
524 2657 611 2692 with
629 2656 825 2701 specimens
839 2655 878 2688 of
893 2655 952 2688 the
967 2666 1100 2699 poenis.
1123 2656 1173 2700 By
1187 2656 1324 2690 Sharon
1337 2656 1450 2689 Turn
1461 2667 1516 2688 er.
1538 2654 1654 2688 Lond.
1671 2652 1790 2687 1803?

319 2716 352 2731 ³⁸*
378 2716 477 2749 Haec
496 2715 592 2749 vocis
611 2714 692 2748 C'ler
708 2711 956 2756 interpretatio
975 2711 1107 2756 legitur
1124 2712 1219 2756 apud
1234 2712 1419 2745 Owenum.
1450 2711 1648 2744 Monachos
1667 2721 1792 2743 eorun-

249 2772 328 2805 dem
355 2782 494 2804 morum
520 2770 660 2804 saeculo
682 2769 819 2803 decimo
837 2768 915 2813 lege
933 2768 1076 2813 publica
1094 2768 1282 2812 castigavit
1298 2768 1464 2812 Edgarus
1482 2767 1634 2811 Angiiae
1651 2778 1713 2799 rex
1733 2766 1791 2809 (cf.

248 2828 466 2867 San-Marte,
482 2827 704 2871 Arthursage
722 2838 756 2871 p.
772 2826 842 2870 23).
870 2826 925 2859 De
943 2825 1124 2858 armoricis
1138 2825 1249 2859 Cleris
1267 2825 1373 2858 etiam
1392 2823 1572 2857 hodiernis
1591 2823 1636 2856 cf.
1650 2822 1791 2857 Villem.

252 2884 445 2925 ssarz.-Br.‚
466 2883 576 2928 praef.
597 2895 632 2928 p.
653 2883 827 2916 XXXVI.
