1920 3220
265 166 347 204 924
549 167 627 207 VI.
656 170 694 205 2.
738 179 1032 206 CONSTRUCTIO
1055 179 1235 206 POErioA
1261 180 1518 207 mmmmm.

376 278 625 332 Etp.113:

408 358 410 409 Ι
436 360 545 404 Vale,
579 356 582 412 Ι
610 360 707 403 vale,
740 357 745 412 Ι
772 359 963 405 fidissime,
992 356 1003 412 ΙΙ
1052 360 1057 409 Ι
1084 360 1188 408 phile
1212 360 1356 396 Christi
1378 360 1577 403 carissime,

351 429 478 467 Quem
499 427 539 463 in
566 424 570 479 Ι
599 428 721 464 cordis
750 423 753 479 Ι
782 427 955 463 cubiculo
979 423 990 478 ΙΙ
1040 424 1044 479 Ι
1072 428 1182 475 cingo
1205 428 1343 464 amoris
1365 427 1528 464 vinculo.

353 490 357 545 Ι
382 496 466 530 Ave
495 490 498 546 Ι
526 496 641 531 Hova
668 490 671 546 Ι
700 495 891 539 altissime,
920 490 933 546 ΙΙ
957 495 1048 530 olim
1074 494 1080 542 Ι
1108 495 1218 530 sedes
1246 494 1251 541 Ι
1279 494 1524 538 sanctissime,

351 560 353 611 Ι
380 562 564 598 Salutatis
592 561 597 610 Ι
625 562 860 610 supplicibus
884 558 895 614 ΙΙ
919 561 1153 598 Ethelwaldi
1175 575 1262 597 cum
1282 561 1445 597 vocibus.

351 625 354 677 Ι
379 631 447 673 Te,
478 627 481 681 Ι
502 634 538 665 te
560 630 676 665 herus
698 630 737 665 in
759 629 932 665 omnibus
956 624 968 680 ΙΙ
1017 628 1022 677 Ι
1050 628 1195 664 clarum
1222 625 1225 679 Ι
1255 628 1396 664 creavit
1417 629 1573 672 actibus,

350 697 353 746 Ι
379 697 518 732 Forma
540 700 578 732 et
599 710 673 732 usu
694 696 852 741 virilem,
882 692 894 747 ΙΙ
942 695 947 743 Ι
974 696 1075 731 facto
1098 699 1136 730 et
1157 694 1258 730 dicto
1281 693 1452 731 senilem.

346 765 471 800 Tuam
499 760 502 815 Ι
529 764 697 812 primum
724 764 728 813 Ι
754 760 1025 814 ΡΥοΙΡεῑςιήθφη
1048 758 1059 813 ΙΙ
1108 761 1113 810 Ι
1139 774 1208 810 per
1235 757 1240 813 Ι
1266 762 1498 809 profundam
1519 763 1733 812 indaginem

349 832 509 867 Curiose
537 830 542 878 Ι
570 830 766 878 conjicere,
797 826 808 882 ΙΙ
832 830 972 866 mentis
995 834 1110 877 atque
1132 828 1315 877 inspicere

347 895 350 949 Ι
371 899 514 935 Nullus
542 898 547 947 Ι
574 899 676 934 valet
702 896 707 945 Ι
734 897 950 933 volucribus
974 892 986 948 ΙΙ
1011 896 1151 932 summi
1173 896 1268 932 coeli
1287 897 1358 933 sub
1381 897 1560 934 nubibus.

371 985 628 1024 Assonantia
668 984 829 1033 finalis,
870 998 976 1037 quae
1014 990 1076 1022 est
1113 982 1418 1036 contraposita,
1459 984 1807 1025 animadvertitur

258 1053 472 1094 interdum
510 1053 711 1102 dimidia,
745 1068 849 1107 quae
891 1053 936 1093 in
976 1052 1231 1092 carminibus
1273 1052 1485 1097 hibernice
1524 1055 1689 1108 scriptis
1728 1056 1806 1095 fre-

258 1125 454 1176 quentior
484 1132 560 1173 est,
587 1139 623 1163 e.
648 1138 710 1177 gr.
736 1124 781 1163 in
811 1124 977 1163 arcibus
1009 1122 1255 1171 minacibus,
1282 1123 1469 1163 eubiculo
1495 1124 1673 1174 vinculo,
1701 1126 1807 1166 solia

258 1193 482 1234 eatlcrczlia.
528 1195 685 1235 Versus
717 1193 920 1246 cujusque
953 1193 1130 1246 quodvis
1159 1194 1394 1233 membrum
1425 1201 1486 1234 ost
1516 1202 1608 1234 octo
1630 1196 1805 1249 syllaba-

256 1278 365 1311 rum,
387 1264 573 1317 ejusdem
595 1264 777 1304 ambitus
800 1263 920 1316 cujus
942 1270 1004 1302 est
1021 1263 1274 1316 hymnorum
1291 1264 1665 1304 Ambrosianorum
1683 1280 1805 1318 quae-

257 1333 318 1373 vis
348 1334 474 1383 linea,
501 1336 572 1374 sed
602 1334 802 1374 differunt
829 1334 930 1373 haec
959 1333 1070 1385 quod
1098 1340 1279 1373 metrum
1301 1333 1481 1373 latinum
1504 1335 1568 1374 vel
1592 1335 1805 1388 quantitas

256 1404 427 1444 omnino
450 1406 579 1445 deest.

370 1476 470 1515 Non
501 1475 620 1515 aliter
650 1476 899 1528 Anonymus
929 1475 981 1514 ad
1002 1475 1271 1527 Anonymam
1294 1474 1594 1525 (Baldhardus,
1620 1483 1667 1515 ut
1696 1476 1806 1516 vide-

258 1552 339 1593 tur,
365 1546 416 1584 ad
448 1544 779 1598 Berthgitham),
806 1544 850 1584 in
881 1544 1075 1598 operibus
1099 1544 1142 1583 S.
1170 1544 1390 1593 Bonifacii,
1416 1546 1480 1584 ed.
1507 1545 1639 1594 Giles,
1667 1547 1802 1586 Lond.

261 1618 582 1668 1814,p.2so:

457 1694 460 1747 Ι
486 1698 581 1734 Vale
606 1697 759 1734 Christo
789 1694 792 1750 Ι
819 1697 1054 1746 virguncula,
1084 1693 1095 1749 ΙΙ
1121 1697 1265 1734 Christi
1287 1711 1424 1746 nempe
1447 1698 1657 1745 tyruncula,

403 1785 404 1802 ι
430 1765 529 1801 Mihi
551 1778 640 1801 cara
668 1765 673 1813 Ι
700 1778 922 1813 magnopere
945 1761 956 1817 ΙΙ
981 1771 1095 1813 atque
1117 1779 1239 1814 gnara
1260 1765 1299 1801 in
1321 1780 1437 1813 opere,

402 1831 403 1879 Ι
430 1833 517 1868 Tibi
539 1833 672 1868 laudes
696 1846 768 1868 con
796 1838 882 1869 texo
907 1829 917 1884 ΙΙ
942 1838 1056 1880 atque
1085 1829 1088 1884 Ι
1117 1838 1243 1881 grates
1266 1830 1497 1883 inlgemino,

401 1898 403 1949 Ι
429 1902 561 1947 Teque
583 1913 674 1947 rogo
698 1913 784 1935 cum
813 1899 816 1951 Ι
844 1906 1015 1945 tremore,
1046 1896 1057 1952 ΙΙ
1105 1899 1110 1948 Ι
1139 1913 1236 1948 agna
1258 1901 1403 1936 Christi
1424 1913 1492 1948 pro
1522 1898 1524 1951 Ι
1553 1914 1688 1945 amore,

397 1969 499 2003 Vota
518 1968 634 2003 redde
657 1981 743 2003 cum
765 1968 907 2003 fervore
930 1964 942 2019 ΙΙ
992 1964 994 2017 Ι
1023 1967 1209 2003 altissimo
1231 1968 1270 2003 in
1297 1967 1302 2015 Ι
1330 1969 1490 2011 aethere,

400 2036 508 2075 Quae
535 2033 541 2083 Ι
568 2035 785 2083 pepigimus
813 2032 817 2086 Ι
844 2035 995 2083 pariter,
1025 2031 1037 2087 ΙΙ
1061 2047 1270 2070 memorare
1292 2035 1487 2071 tenaciter.

371 2110 612 2163 Eodemque
633 2111 756 2150 modo
779 2110 1031 2164 Berthgitha
1053 2111 1105 2150 ad
1128 2110 1431 2159 Baldhardum,
1456 2110 1558 2150 ibid.
1584 2125 1626 2164 p.
1655 2115 1754 2150 273:

457 2189 460 2241 Ι
484 2192 581 2229 Vale
609 2192 614 2241 Ι
640 2193 772 2228 vivens
794 2193 966 2235 felic-iter,
997 2188 1008 2244 ΙΙ
1031 2198 1075 2228 ut
1102 2192 1107 2240 Ι
1135 2193 1187 2228 sis
1215 2191 1220 2239 Ι
1248 2197 1404 2229 sanctus
1431 2192 1437 2241 Ι
1465 2192 1698 2240 simpliciter,

400 2259 487 2295 Tibi
515 2255 519 2311 Ι
547 2260 651 2296 salus
672 2273 740 2308 per
768 2258 771 2312 Ι
800 2261 952 2297 saecula
976 2257 988 2311 ΙΙ
1012 2261 1201 2296 tribuatur
1220 2273 1288 2309 per
1310 2260 1491 2296 culmina.

400 2323 403 2375 Ι
428 2327 613 2364 Vivamus
641 2324 646 2379 Ι
675 2328 746 2364 soli
768 2328 919 2363 domino
944 2324 955 2379 ΙΙ
1005 2324 1007 2379 Ι
1035 2328 1152 2364 vitam
1179 2327 1185 2376 Ι
1213 2340 1363 2376 semper
1384 2328 1423 2363 in
1450 2328 1455 2376 Ι
1483 2327 1648 2363 saeculo.

370 2415 562 2469 Itemque
591 2418 737 2457 eadem
765 2416 925 2470 poetria
955 2416 1069 2456 haud
1103 2417 1227 2457 dubie
1258 2419 1430 2469 (nomen
1460 2417 1504 2456 in
1535 2416 1807 2469 inscriptione

256 2499 341 2524 non
365 2485 549 2538 additur)
573 2488 625 2526 ad
646 2487 936 2526 Baldhardum
958 2486 1002 2526 in
1024 2489 1108 2527 fine
1129 2487 1323 2527 carminis
1346 2502 1388 2540 p.
1417 2490 1517 2525 272:

456 2570 564 2603 Have
591 2568 595 2617 Ι
623 2581 703 2604 care
729 2569 734 2617 Ι
763 2569 961 2612 crucicola,
991 2565 1003 2620 ΙΙ
1052 2566 1055 2621 Ι
1085 2569 1245 2605 salutate
1266 2582 1287 2604 a
1313 2568 1318 2616 Ι
1347 2581 1482 2612 sorore,

402 2632 403 2684 Ι
429 2637 524 2672 Fine
546 2640 659 2673 tenus
687 2637 691 2685 Ι
719 2636 892 2681 feliciter,
922 2633 933 2688 ΙΙ
982 2637 987 2685 Ι
1014 2637 1154 2672 famam
1183 2632 1186 2688 Ι
1215 2649 1322 2672 serva
1349 2634 1354 2683 Ι
1382 2634 1618 2683 simpliciter.

371 2726 573 2766 Winfridi
595 2728 657 2779 (S.
681 2726 904 2778 Bonifacii)
927 2726 1058 2780 ipsius
1081 2725 1257 2780 epistola
1273 2724 1435 2778 poetica
1451 2724 1503 2763 ad
1520 2723 1804 2771 Nidhardum,

258 2796 410 2849 scripta
442 2797 548 2837 circa
579 2812 616 2837 a.
647 2801 741 2846 720,
768 2797 916 2837 induta
945 2804 1007 2837 est
1029 2797 1172 2836 eadem
1195 2796 1341 2835 forma.
1388 2795 1497 2834 Sunt
1520 2793 1642 2848 primi
1664 2808 1807 2833 versus

259 2869 441 2918 (p.3oae
