1920 3220
91 177 333 205 APPENDIX.
379 176 617 203 SPECIMINA
641 176 832 202 (fomcwM
861 176 1045 203 ulmum.
1074 176 1209 202 l’msc.
1236 176 1299 201 SG.
1323 175 1375 201 ΕΤ
1397 174 1464 200 (Ἱὶ.
1537 162 1639 199 10ἶῖἷῖ

88 278 253 318 diorum
277 292 426 329 genus,
453 276 683 329 sapientiae
705 276 797 315 luce
821 276 1102 328 praefulgens,
1130 291 1152 315 a
1175 277 1433 315 Graecorum
1455 273 1642 313 fontibus

88 348 338 396 derivatum,
366 347 539 387 Latinos
569 346 734 399 proprio
756 361 945 385 sermone
969 346 1136 385 invenio
1159 346 1401 391 celebrasse,
1428 353 1468 384 et
1490 344 1533 383 in
1556 359 1643 383 om-

88 419 212 458 nibus
235 418 403 457 illorum
425 417 601 469 vestigia
622 415 890 456 liberalibus¹
926 423 1172 455 consecutos
1196 416 1355 455 artibus
1380 415 1519 463 video,
1556 430 1641 454 non

89 489 225 528 solum
250 503 356 542 quae
377 488 596 527 emendate
619 488 671 527 ab
692 487 774 526 illis
798 493 897 526 sunt
919 486 1088 538 scripta,
1115 487 1185 525 sed
1208 486 1334 526 etiam
1357 487 1559 538 quosdam
1583 501 1643 525 cr-

88 573 198 599 rores
220 573 362 598 eorum
385 572 522 598 amore
543 572 786 609 graecorum
808 558 1024 596 doctorum
1046 555 1269 609 deceptos²
1293 556 1463 603 imitari,
1485 556 1527 595 in
1552 556 1644 608 qui-

88 631 167 669 bus
189 629 370 669 maxime
393 627 677 668 vetustissima
697 627 970 679 grammatica
992 641 1056 666 ars
1075 626 1266 679 arguitur
1283 642 1475 679 peccasse
1489 659 1498 674 ‚
1525 626 1588 678 cuj
1598 642 1645 665 us

91 707 280 740 auctores
303 707 459 752 quanto
473 699 662 752 juniores
687 694 832 737 tanto3
855 696 1175 750 perspicaciores
1198 704 1239 736 et
1256 696 1437 749 ingeniis
1456 697 1646 736 floruisse

90 779 131 810 et
161 770 380 823 diligentia
409 769 590 809 valuisse
622 768 812 808 omnium
837 767 999 821 judicio
1020 768 1323 807 confirmantur
1345 766 1645 806 eruditissimo—

89 855 196 880 rum.
239 840 353 883 Quid
376 839 489 879 enim
512 839 747 879 Herodiani
769 839 927 879 artibus
951 838 1130 878 certius?
1164 837 1276 881 Quid
1296 837 1512 890 Apollonii
1532 851 1646 875 scru-

89 910 248 964 pulosis
281 909 596 963 quaestionibus
620 909 879 949 enucleatius
902 910 1033 963 possit
1054 908 1259 949 inveniri?
1293 910 1402 949 Cum
1427 907 1555 961 igitur
1577 922 1646 946 eos·

90 981 230 1021 omnia
260 981 344 1021 fere
375 981 492 1029 vitia,
518 995 793 1034 quaecunque
824 980 1095 1033 antiquorum
1126 978 1437 1019 commentariis
1463 985 1563 1017 sunt
1585 992 1644 1016 re-

90 1052 188 1091 licta
220 1051 319 1092 artis
351 1051 662 1105 grammaticae,
698 1065 952 1105 expurgasse
983 1050 1207 1103 comperio,
1233 1049 1441 1102 certisque
1474 1047 1646 1088 rationis

89 1123 252 1175 legibus
275 1123 531 1169 emendasse,
552 1130 791 1162 nostrorum
813 1128 955 1161 autem
976 1120 1190 1160 neminem
1210 1128 1304 1174 post
1321 1118 1443 1159 illos'*
1465 1119 1648 1159 imitato-

90 1208 178 1232 rem
207 1207 350 1232 eorum
381 1192 604 1241 exstitisse,
631 1192 786 1246 quippe
816 1192 860 1231 in
892 1191 1196 1245 negligentiam
1227 1190 1474 1230 cadentibus
1497 1188 1646 1229 studiis

90 1263 308 1302 literarum
347 1271 517 1316 propter
558 1263 744 1316 inopiam
784 1262 1058 1315 scriptor-unu
1094 1261 1285 1314 quamvis
1319 1261 1539 1307 audacter,
1576 1260 1647 1298 sed

90 1348 177 1373 non
205 1333 486 1387 impudenter,
512 1341 560 1373 ut
591 1343 709 1387 puto,
735 1340 910 1372 conatus
933 1347 1027 1372 sum
1049 1346 1122 1384 pro
1145 1331 1303 1371 viribus
1318 1329 1334 1350 ⁵
1365 1345 1451 1370 rem
1474 1331 1648 1369 arduam

93 1404 276 1458 quidem,
303 1405 374 1444 sed
404 1403 542 1443 officio
570 1403 840 1457 professionis
872 1418 957 1443 non
988 1401 1235 1450 indebitam,
1261 1416 1387 1455 supra
1412 1400 1649 1440 nominato-

91 1490 184 1515 rum
207 1482 429 1529 praecepta
449 1474 647 1522 virorum,
670 1488 775 1526 quae
798 1489 981 1528 congrua
1004 1480 1105 1513 sunt
1127 1472 1230 1520 visa,
1251 1472 1296 1511 in
1318 1471 1498 1511 latinum
1516 1478 1649 1510 trans-

91 1546 196 1585 ferre
226 1559 476 1593 sermonem,
501 1544 686 1585 collectis
720 1544 845 1584 etiam
869 1545 1064 1585 omnibus
1086 1544 1185 1592 fere,
1212 1557 1487 1595 quaecunque
1510 1556 1649 1581 neces-

91 1616 199 1656 saria
229 1623 468 1655 nostrorum
498 1630 664 1668 quoque
696 1615 973 1655 inveniuntur
1003 1614 1158 1654 artium
1180 1612 1491 1653 commentariis
1513 1627 1649 1666 gram-

92 1686 339 1726 maticorum
353 1719 361 1734 ‚
404 1687 515 1739 quod
551 1694 718 1739 gratum
754 1687 840 1726 fore
877 1686 1033 1726 credidi
1071 1680 1497 1737 temperamentum,G
1527 1683 1562 1723 si
1599 1698 1650 1722 ex

92 1758 313 1810 utriusque
345 1757 518 1809 linguae
540 1757 871 1797 moderatoribus
894 1756 1150 1809 elegantiora
1171 1755 1216 1794 in
1238 1768 1372 1794 unum
1395 1762 1543 1794 coeant
1565 1769 1651 1793 cor-

92 1843 185 1882 pus,
212 1842 304 1867 meo
330 1827 508 1867 faciente
529 1828 684 1867 labore.
731 1827 842 1870 Quia
864 1842 940 1866 nec
963 1826 1292 1879 vituperandum
1312 1839 1379 1864 me
1402 1839 1489 1863 esse
1511 1825 1647 1872 credo,

94 1898 127 1938 si
156 1912 224 1938 eos
247 1896 423 1946 imit0r‚⁷
456 1898 527 1951 qui
549 1898 837 1952 principatum
857 1897 967 1937 inter
989 1897 1210 1949 scriptores
1232 1895 1369 1949 grajos
1393 1894 1492 1934 artis
1514 1909 1651 1947 gram-

93 1969 270 2008 maticae
299 1968 530 2021 possident,
556 1983 652 2008 eum
684 1976 843 2008 veteres
874 1967 1009 2008 nostri
1033 1967 1079 2006 in
1109 1965 1317 2007 erroribus
1348 1964 1490 2013 etiam,
1516 1972 1564 2004 ut
1591 1964 1651 2004 di-

94 2048 209 2079 ctum
239 2046 316 2087 est,
343 2039 525 2078 Graecos
557 2039 894 2093 aequiparantes,
920 2038 1149 2078 maximam
1181 2044 1323 2077 tamen
1356 2043 1457 2075 sunt
1482 2035 1651 2075 laudem

93 2108 321 2149 consecuti.
368 2109 624 2162 Exemplum
653 2109 779 2149 etiam
811 2123 1042 2162 proponere
1072 2107 1256 2162 placuit,
1292 2121 1345 2146 ne
1376 2105 1517 2159 pigeat
1548 2105 1651 2145 alios

95 2180 220 2220 etiam
252 2195 275 2219 a
305 2194 372 2219 me
393 2179 459 2219 vel
480 2179 720 2232 ignorantia
741 2179 846 2219 forte
869 2179 1161 2232 praetermissa
1182 2178 1248 2218 vel
1270 2177 1416 2217 vitiose
1438 2176 1550 2216 dicta
1573 2176 1654 2224 (ni-

93 2250 154 2290 hil
176 2250 289 2290 enim
311 2264 362 2289 ex
384 2249 499 2290 omni
520 2257 637 2302 parte
659 2250 892 2303 perfectum
914 2249 957 2288 in
980 2249 1178 2288 humanis
1202 2262 1290 2288 esse
1312 2248 1433 2287 credo
1451 2261 1570 2299 posse
1589 2246 1652 2286 in-

94 2321 382 2372 ventionibus)
406 2335 480 2359 sua
503 2334 668 2373 quoque
690 2319 901 2360 industria
922 2321 974 2359 ad
997 2334 1264 2360 communem
1286 2318 1537 2358 literatoriae
1559 2333 1652 2370 pro-

94 2391 285 2432 fessionis
324 2391 552 2431 utilitatem
590 2405 774 2443 congrua
804 2390 978 2430 rationis
1010 2389 1278 2444 proportione
1308 2388 1374 2427 vel
1405 2389 1556 2428 addere
1586 2389 1652 2429 vel

191 2614 202 2643 l
234 2611 306 2655 (Pr.
323 2612 383 2656 Sg.
408 2612 452 2656 1³)
473 2612 509 2645 in
528 2611 606 2645 cod.
623 2612 738 2645 libral.
759 2625 794 2646 .1.
816 2613 988 2646 [ihm-dail>
1037 2616 1055 2646 2
1085 2613 1156 2657 (Pr.
1172 2614 1249 2659 Sg.)
1274 2626 1310 2647 .1.
1330 2618 1390 2649 am
1408 2616 1518 2649 (lisere
1538 2616 1649 2649 lalait.

99 2667 180 2700 iuna
195 2680 276 2712 yrec
294 2669 437 2702 eoseieh.
458 2669 513 2701 αἰ]
528 2669 819 2714 (tcomroi[r]cnizc
869 2674 887 2701 :5
916 2671 988 2714 (Pr.
1010 2670 1087 2715 Sg.)
1109 2670 1267 2703 inme'e'lsn

189 2728 206 2757 4
237 2725 309 2769 (Pr.
332 2726 409 2770 Sg.)
433 2738 468 2758 .1.
491 2725 615 2759 iridem]
640 2725 818 2758 saumis-[n
912 2730 929 2759 5
961 2727 1032 2771 (Pr.
1055 2727 1133 2772 Sg.)
1164 2739 1200 2760 .1.
1228 2728 1452 2761 islmasueurt
1470 2728 1546 2760 dom
1574 2740 1653 2760 ara-

99 2782 242 2825 ‹loidfzgsl

194 2842 212 2871 ti
242 2839 313 2881 (Pr.
336 2839 392 2872 Cr.
420 2839 463 2881 1³>
487 2851 522 2871 .1.
544 2839 653 2871 lniarc
671 2839 840 2872 multat-us
858 2840 940 2872 (teht
956 2842 1017 2872 αηὶ
1034 2852 1124 2884 rupee
1144 2841 1296 2874 thaat-ide
1378 2844 1393 2873 Τ
1424 2841 1496 2885 (l'r.
1519 2842 1580 2885 Sg.
1606 2840 1652 2885 1¹¹)

101 2906 156 2927 rma
163 2907 257 2928 usam
264 2896 318 2927 lar
