1920 3220
233 174 313 213 864
516 171 569 210 V.
598 173 636 208 2.
681 183 941 210 COMPOSITIO
964 182 1233 210 BRITANNICA
1256 183 1488 211 NOMINUM.

229 284 520 326 llz'dz'awcdrut
549 282 883 338 yyflymwyelzyr
913 282 1283 338 yreulazwffyryf
1310 282 1543 337 clyrclzauel
1572 298 1599 338 y
1628 283 1788 339 yledyf

230 370 358 395 aomo
381 357 419 403 2,
448 357 514 392 51.
559 353 614 392 Et
636 352 842 406 ejusmodi
863 352 963 393 alibi
983 353 1078 393 alia.

346 428 384 463 6.
428 422 637 476 Adjectivi
677 423 897 477 compositi
927 438 1023 462 cum
1053 424 1177 463 verbo
1207 422 1279 462 vix
1310 422 1489 462 occurrit
1519 425 1774 477 exemplum.

231 493 480 535 Numeralia
511 507 608 532 cum
639 492 912 533 substantivis
944 500 1256 546 componuntur
1284 493 1449 546 saepius
1479 500 1528 533 ut
1549 493 1775 547 adjectiva3

230 563 422 617 exempla
452 562 563 603 sistit
587 577 731 602 eorum
751 569 891 615 caput.
935 563 1135 602 Notanda
1155 562 1234 601 1100
1254 562 1344 602 1000
1366 570 1428 603 est
1448 563 1679 617 proprietas
1700 563 1779 603 lin-

229 648 336 687 guae
358 632 601 681 cambricae,
623 646 729 686 quae
750 632 794 672 in
815 633 880 672 his
899 647 985 672 non
1003 632 1139 672 solum
1156 646 1304 684 genus,
1326 634 1397 672 sed
1414 633 1540 673 etiam
1556 648 1780 673 numerum

231 719 327 744 cum
348 702 516 757 propria
537 702 750 742 interdum
772 702 903 742 forma
925 701 1163 755 distinguit,
1189 716 1225 741 e.
1246 717 1308 755 gr.
1328 718 1335 742 :
1363 703 1594 757 tez'rblwyd,
1610 704 1780 756 pedeir-

231 774 371 828 blwyd
390 775 506 825 (tres,
533 779 712 826 quatuor
732 772 833 811 anni
847 788 857 819 3
891 772 1100 827 blwydyn,
1126 773 1241 822 fem„
1269 773 1360 823 teir,
1376 773 1529 826 peclee'r
1549 774 1704 813 formae
1724 773 1780 814 fe·
1839 812 1845 815 .

230 844 417 884 mininae
438 857 556 882 num.
593 842 661 891 tri,
687 844 896 894 petwar),
924 842 1109 891 trineint,
1136 843 1368 892 elawemeib,
1393 843 1658 884 sez'tlzmez'rclc
1681 845 1780 895 (tres

231 914 374 962 valles,
407 927 479 953 sex
508 911 600 961 filii,
625 919 785 965 septem
817 911 927 965 equi,
952 912 1080 962 neiat,
1105 913 1225 963 meib,
1251 913 1422 962 melrclc,
1447 914 1576 967 plur.,
1602 929 1644 968 p.
1672 918 1777 962 2963

230 984 282 1024 cf.
309 982 392 1036 adj.
417 982 581 1022 hibern.
613 989 695 1022 vet.
731 982 768 1022 il
793 982 1072 1035 compositum
1103 999 1199 1023 cum
1229 983 1502 1024 substantivis
1532 984 1577 1023 in
1607 998 1782 1024 numero

230 1053 399 1109 plurali,
424 1067 466 1106 p.
494 1056 609 1104 826).
654 1054 679 1091 J
684 1059 811 1092 uncta
842 1052 1046 1106 ejusmodi
1076 1068 1172 1093 cum
1199 1053 1472 1094 substantivis
1494 1054 1690 1094 videntur
1711 1055 1781 1094 ad-

225 1124 399 1179 jectiva:
421 1124 515 1163 mab
534 1122 755 1177 teirblwyd
768 1124 890 1176 (puer
907 1123 1100 1175 triennis)
1120 1125 1235 1164 Mab.
1260 1128 1299 1173 3,
1316 1128 1382 1163 32.
1409 1138 1535 1164 ccmws
1552 1124 1791 1178 nawyayaf

232 1198 382 1248 (equus
413 1207 565 1233 novem
595 1193 752 1233 hiemes
780 1200 921 1243 natus,
946 1193 1171 1247 novennis)
1195 1194 1309 1234 Mab.
1338 1197 1376 1242 2,
1401 1198 1495 1243 215,
1521 1202 1620 1234 sunt
1641 1201 1782 1234 tamen

231 1265 425 1305 habenda
445 1265 651 1304 abstracta
671 1263 904 1303 numeralia
924 1263 968 1303 in
984 1263 1170 1317 genitivo
1189 1264 1259 1316 (cf.
1280 1279 1322 1317 p.
1346 1266 1460 1316 322).
1496 1265 1654 1304 Eadem
1671 1278 1781 1304 com-

231 1334 384 1389 positio
415 1334 459 1374 in
497 1333 579 1387 adj.
615 1333 828 1374 teir-nosset
859 1335 960 1386 (tres
988 1341 1131 1375 noctes
1163 1342 1313 1382 natus3
1349 1349 1422 1374 nos
1450 1334 1569 1386 fem.)
1595 1335 1710 1374 Mab.
1739 1337 1777 1382 2,

234 1408 452 1445 225.232.

482 1565 531 1602 B.
587 1562 905 1602 Pronomina
945 1569 994 1602 et
1024 1564 1184 1602 verba
1215 1563 1530 1617 composita.

347 1687 493 1728 Minus
516 1685 682 1740 copiosa
703 1693 818 1734 sunt,
844 1700 970 1739 quam
992 1693 1127 1726 cetera
1148 1687 1391 1740 composita.
1432 1686 1690 1727 Pronomina
1711 1694 1784 1727 aut

233 1773 375 1799 secum
406 1756 649 1810 composita,
676 1771 712 1796 e.
737 1771 800 1809 gr.
826 1756 944 1805 mim',
973 1756 1065 1804 ticli,
1087 1757 1214 1805 arall,
1242 1757 1332 1806 lall,
1358 1765 1432 1797 aut
1462 1771 1559 1796 cum
1590 1757 1783 1797 substan-

233 1828 328 1868 tivis
360 1828 425 1868 vel
456 1826 768 1875 numeralibus,
801 1842 836 1867 e.
862 1841 924 1880 gr.
960 1827 1117 1876 alldat,
1151 1827 1409 1882 yllpeclwar,
1437 1827 1526 1881 jam
1555 1834 1784 1867 memorata

232 1906 332 1938 sunt
354 1900 414 1950 (p.
443 1902 519 1936 375
540 1911 601 1949 sq.
629 1901 724 1936 404.
751 1899 867 1949 406).

344 1968 581 2008 Verborum
621 1981 718 2006 cum
759 1965 1030 2005 substantivis
1072 1966 1396 2020 compositorum
1432 1967 1623 2021 exempla
1658 1980 1782 2019 quae-

232 2040 329 2078 dam
343 2052 351 2078 :
368 2037 573 2092 discymca
584 2051 610 2091 y
625 2037 770 2090 lquou
784 2037 916 2089 (locus
929 2037 1167 2090 exponendi
1180 2051 1200 2075 e
1212 2036 1408 2090 navibus)
1423 2037 1515 2076 Lib.
1532 2037 1667 2076 Land.
1686 2041 1698 2075 1
1713 2041 1761 2076 35
1771 2068 1779 2076 .

233 2122 469 2162 esyynuaen
488 2106 612 2159 (lapis
629 2106 871 2155 scandendi,
893 2120 944 2145 ex
961 2120 1043 2159 quo
1060 2106 1276 2146 scanditur
1292 2107 1337 2147 in
1354 2121 1532 2160 equum3
1555 2106 1779 2161 dv'sqymm,

230 2178 441 2233 ysyymzu)
464 2177 580 2216 Mab.
610 2181 646 2225 1,
677 2181 740 2216 14.
775 2176 954 2232 yspeilly
978 2177 1143 2230 (domus
1173 2177 1395 2231 spoliandi,
1430 2177 1630 2231 spelunca
1659 2177 1783 2217 latro—

232 2249 354 2300 num)
378 2247 494 2287 Mab.
524 2251 560 2295 1,
590 2250 656 2286 37.

611 2406 660 2446 C.
706 2405 1029 2447 Particulae
1059 2407 1404 2460 compositae.

347 2530 436 2570 Aut
465 2529 763 2583 inseparabiles
795 2537 869 2570 aut
890 2530 1155 2583 separabiles,
1181 2536 1228 2569 ut
1253 2529 1504 2578 hibernicae,
1531 2527 1783 2581 compositae

235 2607 460 2641 occurrunt
487 2615 585 2639 cum
612 2599 900 2649 substantivis,
926 2600 1156 2653 adjectivis,
1181 2599 1331 2640 verbis.
1376 2598 1651 2653 Separabiles,
1677 2612 1783 2651 quae

234 2677 446 2724 separatae
476 2669 804 2724 praepositiones
834 2677 934 2710 sunt
965 2677 1037 2710 aut
1063 2670 1235 2710 fuerunt
1263 2669 1490 2723 quondam,
1514 2668 1559 2708 in
1581 2667 1783 2721 composi-

235 2741 348 2781 tione
369 2741 582 2780 interdum
603 2739 736 2779 varias
758 2741 940 2780 subeunt
961 2740 1128 2780 formas.
1164 2739 1470 2793 Inseparabiles
1493 2738 1561 2778 hic
1582 2738 1779 2792 primum,

234 2811 332 2850 dein
366 2809 615 2864 separabiles
646 2809 877 2864 particulae
908 2818 949 2851 et
977 2825 1048 2850 eae
1080 2824 1185 2863 quae
1216 2809 1543 2863 praepositiones
1576 2808 1784 2849 obsoletae

234 2887 348 2927 sunt,
374 2887 687 2921 enumerantur.
