1920 3220
216 185 297 223 874
431 187 485 227 V.
513 191 551 226 2.
604 201 863 228 COMPOSITIO
886 201 1156 229 BRITANNICA
1178 203 1539 230 PARTICULARUM.

212 296 416 350 adjectiva
447 299 651 340 cambrica
679 307 803 340 aucta
832 301 1125 342 terminatione
1146 301 1409 355 aequalitatis
1433 308 1490 342 -et
1511 304 1570 356 (p.
1598 305 1696 355 307)
1720 310 1761 343 et

212 366 456 408 inchoantia
485 384 508 409 a
537 384 787 423 quacunque
818 385 1015 421 consona,
1041 387 1146 425 quae
1169 372 1412 412 destituitur
1433 386 1595 425 semper
1615 373 1660 412 in
1682 373 1760 413 hac

212 438 495 478 connexione:
531 440 792 494 cywymzlzet,
824 448 1069 496 cymcymzet
1091 444 1240 495 (aeque
1270 443 1432 492 albus),
1469 443 1633 496 cyduet,
1663 458 1758 497 cyn-

212 509 309 548 duet
330 510 478 562 (aeque
499 509 636 563 niger)
660 511 775 551 Mab.
803 515 841 559 2,
871 516 965 550 377.
994 516 1088 552 378.
1122 512 1335 566 kyqochet,
1361 512 1591 567 kynqoclcel
1612 513 1759 566 (aeque

211 579 351 632 ruber)
376 582 414 628 2,
442 584 538 620 376.
567 585 661 620 378.
707 582 884 622 Cornice
915 581 960 621 in
990 582 1054 622 his
1085 589 1147 622 est
1178 582 1245 621 ke-
1277 582 1366 622 sine
1396 590 1495 623 nota
1526 582 1668 623 addita
1689 584 1758 623 ad—

205 649 385 702 jectivo:
422 650 554 703 hepar
576 651 759 704 (aequali
788 652 927 700 modo,
954 666 1050 691 cum
1072 659 1272 705 sequente
1293 652 1349 692 lm
1370 673 1426 685 z
1447 654 1600 693 (ambr.
1627 669 1667 702 a,
1692 654 1758 698 (w)

211 721 329 759 Pass.
358 724 424 770 39,
453 726 491 760 3.
520 727 588 771 40,
617 726 655 761 3.
689 721 900 776 kelcyffl'is
924 722 1088 770 (eodem
1117 723 1265 771 modo,
1302 722 1446 774 etiam)
1474 727 1566 772 124,
1595 727 1632 763 2.
1664 728 1756 773 138,

211 794 249 829 3.
280 795 373 839 169,
401 796 440 830 4.

324 861 450 902 COM
474 863 617 913 (eamq
653 875 772 911 cmm,
808 876 932 916 σμῆν,
969 862 1074 916 caf-,
1110 862 1210 916 cef-,
1246 863 1354 917 eyjl)
1376 862 1542 903 videtur
1572 863 1760 904 obtinere

210 930 337 971 etiam
357 939 454 971 ante
478 938 647 971 tenuem
666 931 711 971 in
728 932 876 985 glossis
895 933 1102 973 Luxemb.
1121 948 1129 972 z
1156 938 1339 973 eomtoou
1357 933 1432 986 (gl.
1455 934 1756 983 stemicamina,

208 1002 346 1041 forsan
377 1002 485 1042 male
515 1002 719 1055 scriptum
748 1017 771 1042 a
802 1002 1000 1056 scriptore
1028 1004 1151 1056 plura
1183 1004 1305 1043 modo
1326 1003 1539 1043 barbarico
1560 1006 1760 1044 reddente

208 1087 282 1126 pro
312 1072 506 1121 stamina,
533 1079 828 1121 contexturae3
855 1073 921 1113 cui
944 1073 1244 1113 conferendum
1265 1073 1431 1114 videtur
1451 1075 1583 1114 subst.
1612 1081 1663 1124 το,
1689 1089 1759 1128 ag-

208 1157 319 1191 men,
346 1143 478 1196 copia,
503 1158 545 1197 p.
576 1148 669 1193 163,
695 1159 749 1184 an
781 1143 907 1184 etiam
929 1144 974 1184 in
995 1144 1142 1184 iisdem
1164 1143 1312 1197 glossis
1336 1144 1506 1184 obvium
1528 1144 1759 1185 lmutertoe-

208 1213 277 1260 tio,
308 1214 365 1266 gl.
392 1213 700 1267 semigilatis'?).
749 1215 898 1254 Forma
927 1215 1024 1255 cim·
1054 1215 1208 1268 legitur
1238 1214 1376 1254 adhuc
1405 1214 1449 1254 in
1480 1214 1651 1254 nomine
1681 1215 1758 1254 viri

212 1283 477 1324 C'z'mee'lliauo
499 1284 592 1324 Lib.
620 1286 756 1324 Land.
785 1289 880 1325 225.
908 1289 1003 1325 227.
1032 1291 1127 1326 246.
1156 1290 1250 1324 253.
1290 1284 1537 1325 C'e'ryzelle‘czuc
1561 1290 1656 1333 240,
1692 1285 1759 1324 Ci-

207 1354 401 1394 „miliano
419 1358 514 1403 252,
534 1370 608 1409 pro
632 1370 713 1408 quo
735 1356 834 1396 alibi
851 1355 1005 1409 legitur
1027 1355 1278 1396 C'izceilliazoe
1296 1355 1366 1407 (cf.
1387 1369 1429 1408 p.
1456 1360 1568 1408 136).
1604 1356 1759 1395 Occur-

206 1424 260 1464 rit
280 1425 527 1478 plerumque
548 1433 645 1466 ante
666 1427 828 1467 vocales
850 1434 891 1466 et
914 1426 1094 1479 liquidas
1111 1426 1155 1465 in
1172 1425 1344 1465 vocibus
1361 1425 1600 1465 cambricis:
1627 1425 1759 1465 laama-

207 1510 286 1544 eos,
313 1495 493 1550 qufzzqos
516 1497 840 1550 (propinquitas,
865 1497 1076 1548 vicinitas)
1101 1498 1202 1549 Leg.
1232 1501 1268 1535 1.
1298 1499 1364 1534 32.
1393 1500 1430 1535 6.
1458 1497 1573 1536 Mal).
1600 1501 1636 1545 1,
1660 1501 1755 1535 23ss.

205 1565 384 1620 lcgsfccillt
400 1567 596 1619 (amicus)
620 1569 737 1607 Mab.
768 1573 803 1617 1,
835 1572 898 1607 11.
933 1566 1132 1621 kyficreh,
1167 1566 1349 1620 eynarde.
1382 1566 1616 1618 (salutatio)
1640 1567 1756 1606 Mab.

206 1637 262 1690 fq.
298 1637 484 1691 cyjyez’th
508 1638 599 1691 (qui
622 1645 684 1678 est
706 1638 893 1692 ejusdem
915 1638 1104 1690 linguae)
1128 1637 1244 1676 Mab.
1273 1640 1311 1684 2,
1340 1639 1435 1674 231.
1461 1636 1601 1690 lcefuc,
1628 1636 1760 1676 leenae

207 1706 413 1759 (ejusdem
440 1708 701 1756 altitudinis;
726 1729 781 1742 =
803 1707 982 1763 kyfewh)
1017 1709 1119 1760 Leg.
1151 1711 1186 1746 1.
1215 1711 1281 1746 35.
1311 1712 1357 1754 7;
1393 1711 1459 1746 36.
1484 1711 1521 1746 S.
1556 1706 1760 1761 leyflaeccm

205 1777 400 1831 (crimen)
420 1779 536 1819 Mab.
563 1784 598 1828 1,
622 1783 717 1819 207.
743 1779 927 1834 kgsflczwn
946 1778 1180 1832 (impletus)
1200 1778 1316 1817 Mab.
1343 1782 1378 1826 1,
1405 1782 1469 1817 17.
1495 1777 1762 1831 kcgfnesafqet

207 1848 420 1901 (proximi,
446 1850 615 1903 cognati
630 1867 640 1898 3
667 1850 775 1903 sing.
801 1850 899 1889 hod.
926 1849 1139 1903 cyfieesaf,
1165 1847 1401 1902 proximus)
1426 1848 1527 1901 Leg.
1556 1851 1594 1887 2.
1625 1853 1660 1886 1.
1690 1852 1755 1887 74.

207 1918 362 1972 lcefi'an
386 1920 574 1973 (portio)
606 1922 707 1974 Leg.
736 1925 774 1960 2.
804 1925 869 1959 11.
898 1924 964 1958 35.
996 1918 1191 1973 lcefwytlc
1221 1919 1325 1971 (lex)
1356 1920 1459 1971 Leg.
1486 1919 1543 1971 sq.
1589 1918 1759 1972 kyfryw

207 1988 298 2041 (qui
319 1996 382 2029 est
404 1990 592 2043 ejusdem
612 1991 796 2044 generis)
820 1991 935 2030 Mab.
961 1995 996 2038 1,
1021 1993 1115 2028 237.
1161 1990 1281 2029 Haec
1303 1989 1446 2028 eadem
1468 1989 1599 2028 forma
1619 2003 1759 2028 neces-

206 2059 314 2099 saria
342 2067 405 2100 est
434 2068 532 2101 ante
563 2076 618 2110 m,
644 2069 693 2101 ut
721 2068 817 2101 ante
848 2061 885 2109 b,
901 2074 950 2113 p.
995 2061 1106 2100 Cum
1134 2059 1360 2098 inchoante
1391 2073 1430 2098 m
1458 2059 1612 2112 scripta
1633 2058 1759 2098 inter-

206 2130 309 2169 dum
330 2131 488 2184 duplex
508 2146 549 2172 m
566 2132 796 2181 invenitur,
817 2131 983 2184 saepius
1002 2130 1180 2184 simplex
1198 2134 1257 2183 (p.
1284 2132 1402 2182 132):
1430 2129 1659 2169 kcmzmeint
1680 2134 1759 2181 (to—

208 2199 351 2250 tidem,
378 2203 522 2242 eadem
550 2202 817 2257 magnitudo)
841 2203 944 2255 Leg.
972 2205 1010 2241 2.
1039 2205 1077 2241 6.
1105 2205 1144 2249 9,
1171 2200 1214 2239 111
1245 2200 1337 2241 aliis
1367 2200 1468 2240 locis
1501 2200 1687 2249 cemeint,
1714 2199 1758 2239 in

207 2272 323 2311 Mab.
349 2272 537 2328 kymeint
555 2273 612 2327 fq.
653 2273 890 2313 Labialium
914 2272 950 2321 b,
968 2287 1002 2325 p
1022 2271 1249 2311 infectione
1270 2271 1404 2311 nasali
1426 2279 1519 2325 post
1541 2271 1760 2310 finientem

207 2356 247 2382 m
278 2343 509 2396 particulae
541 2343 882 2384 evanescentium
905 2343 1098 2396 exempla
1118 2342 1324 2382 cambrica
1347 2342 1437 2396 jam
1467 2341 1629 2395 prolata
1660 2348 1760 2380 sunt

208 2415 267 2466 (p.
296 2416 391 2453 226.
420 2418 535 2467 227).

323 2484 577 2538 Congruunt
598 2485 764 2525 cornica
784 2492 825 2524 et
846 2484 1046 2524 armorica
1067 2483 1272 2536 exempla.
1309 2483 1493 2523 Nomina
1516 2489 1679 2522 vetusta
1702 2481 1759 2520 vi-

208 2570 349 2594 rorum
379 2556 581 2596 armorica
613 2556 843 2604 Comalton,
883 2555 1134 2602 Comaltcar,
1174 2554 1334 2601 Gomal,
1372 2553 1526 2602 Gozoal,
1568 2552 1761 2592 C'ozcell‘e'c

209 2628 268 2678 (p.
300 2628 419 2677 136);
452 2641 574 2680 porro
607 2640 726 2667 voces
757 2633 946 2665 vetustae
978 2629 1149 2677 eompot,
1176 2623 1344 2675 kemper
1365 2638 1439 2676 pro
1462 2623 1630 2671 comboz‘,
1657 2636 1758 2662 cem-

209 2697 279 2736 ber
301 2698 361 2750 (p.
389 2700 505 2750 209).
548 2697 800 2738 Recentiora
822 2695 1008 2736 cornica:
1043 2694 1205 2747 elzefals
1228 2694 1302 2746 (gl.
1329 2701 1465 2742 artus3
1491 2715 1547 2726 =
1569 2693 1757 2747 cessat),

208 2767 377 2808 chemar
399 2768 475 2822 (gl.
501 2768 681 2822 conjux3
706 2788 763 2800 =
783 2767 939 2806 cambr.
965 2764 1153 2818 cymlmr,
1178 2779 1220 2818 p.
1248 2768 1347 2816 227)
1369 2765 1527 2805 Vocab.
1557 2765 1755 2818 kenwnys,

209 2837 399 2892 kymmys
423 2841 495 2891 (=
517 2839 671 2878 cambr.
706 2837 901 2892 cymee'nt)
926 2837 1044 2876 Pass.
1072 2839 1111 2884 9,
1138 2839 1177 2874 4.
1209 2839 1273 2883 16,
1302 2840 1340 2875 3.
1368 2840 1435 2884 58,
1464 2840 1501 2874 3.
1537 2834 1756 2881 &mesa-is,

209 2907 420 2963 kemyskis
451 2909 730 2961 (commixtio)
756 2912 823 2956 58,
852 2912 890 2946 4.
917 2909 1012 2955 202,
1040 2909 1078 2945 2.
1107 2908 1203 2954 219,
1231 2910 1267 2945 1.
1303 2921 1367 2946 me
1396 2920 1422 2945 α
1448 2919 1599 2960 φεηηχη
1632 2907 1758 2952 (com-
