1920 3220
631 885 948 964 LIBER
995 884 1453 986 QUINTUS,
1515 893 1525 898 ·

318 1165 420 1216 DE
448 1124 1000 1232 γΗΕΒΠῙΑΓΓΙΟᾈἚ
1023 1125 1139 1216 ἘΤ
1181 1125 1769 1232 coMPosITIO'NE.

385 1331 519 1371 Voces
548 1329 760 1384 simplices
787 1329 902 1369 omni
923 1329 1104 1371 flexione
1125 1336 1166 1369 et
1188 1329 1303 1369 omni
1324 1329 1483 1383 syllaba
1504 1328 1730 1369 accessoria
1751 1344 1815 1369 ca—

272 1408 424 1450 rentes,
446 1414 617 1442 sensum
634 1407 775 1440 tamen
793 1399 1093 1453 significantes,
1114 1399 1320 1441 elementa
1336 1399 1648 1447 vocabulorum,
1665 1398 1815 1452 quibus

272 1472 407 1513 omnis
430 1471 576 1524 lingua
597 1477 773 1519 constat,
796 1470 988 1523 cognitae
1008 1469 1197 1510 radicum
1218 1470 1283 1510 vel
1304 1483 1455 1509 vocum
1475 1468 1720 1523 radicalium
1744 1483 1817 1508 no-

270 1542 399 1591 mine,
424 1541 470 1581 in
500 1540 658 1580 celticis
686 1540 844 1594 linguis
873 1540 1183 1593 monosyllabae
1213 1538 1503 1587 inveniuntur,
1528 1545 1576 1579 ut
1602 1538 1647 1577 in
1669 1538 1816 1578 ceteris

271 1611 428 1665 linguis
461 1610 674 1650 affinibus.
728 1610 948 1663 Ejusmodi
978 1609 1387 1663 syllabas‘radicales
1413 1608 1503 1662 jam
1532 1622 1606 1661 per
1633 1622 1676 1647 se
1709 1609 1819 1649 solae

272 1682 433 1723 vocales
464 1681 626 1721 efficere
654 1686 847 1733 possunt,
873 1679 1024 1733 quibus
1055 1679 1087 1719 si
1110 1680 1315 1719 accedunt
1336 1680 1386 1719 ab
1408 1685 1585 1731 utroque
1606 1678 1733 1718 latere
1754 1678 1820 1718 vel

273 1767 358 1793 una
390 1765 573 1791 consona
602 1750 669 1789 vel
697 1751 803 1789 duae
832 1763 1060 1797 connexae,
1086 1764 1168 1802 quo
1198 1750 1309 1788 fiunt
1329 1747 1692 1788 numerosissimae
1713 1748 1820 1788 radi-

273 1836 354 1870 ces,
380 1822 443 1861 vel
476 1820 603 1860 etiam
632 1827 727 1868 tres,
754 1834 836 1872 quo
867 1819 1082 1873 pauciores
1109 1819 1317 1868 oriuntur,
1343 1818 1522 1858 discerni
1543 1824 1720 1871 possunt
1741 1817 1819 1857 for-

274 1891 413 1931 mulae
435 1891 500 1930 vel
522 1891 672 1930 classes
694 1889 883 1929 radicum
903 1889 996 1929 hae.

388 1962 425 2000 I.
472 1960 570 2001 Sola
597 1959 751 2000 vocalis
781 1959 963 1999 radicem
989 1958 1272 2002 constituens:
1299 1972 1340 2006 α,
1365 1972 1386 1997 e
1407 1959 1576 2012 (pronn.
1601 1959 1817 2010 possess.),

276 2035 296 2072 ἑ
318 2031 428 2084 (ire),
455 2034 475 2070 ὂ
499 2033 583 2083 (ex,
610 2032 666 2083 a),
692 2044 748 2070 αιι
770 2030 952 2082 (nepos).

391 2102 452 2140 Π.
497 2099 635 2140 Unica
664 2113 847 2139 consona
873 2097 1099 2138 inchoans:
1135 2112 1212 2146 me,
1246 2112 1326 2146 mo,
1352 2098 1419 2146 do,
1447 2103 1489 2138 tu
1519 2096 1819 2151 (pronomina),

276 2186 360 2220 mcc,
385 2186 446 2219 m,
469 2184 539 2217 mc,
566 2170 617 2209 do
638 2168 920 2222 (particulae).

390 2241 477 2280 III.
523 2239 661 2280 Unica
681 2253 865 2279 consona
885 2237 1058 2278 finiens:
1085 2237 1132 2277 al
1150 2237 1312 2289 (alere),
1337 2252 1389 2291 aq
1412 2237 1594 2290 (timere)
1617 2244 1695 2277 etc.

391 2311 470 2351 IV.
517 2309 654 2350 Unica
689 2323 872 2349 consona
907 2307 1110 2347 inchoans
1147 2314 1188 2347 et
1223 2307 1397 2347 finiens:
1440 2308 1510 2347 ber
1546 2307 1702 2359 (ferre),
1728 2319 1819 2359 (ser,

279 2384 412 2433 (vox),
430 2394 517 2433 par
540 2381 736 2432 (parare),
762 2384 832 2418 cat
851 2380 1046 2432 (pugna),
1073 2378 1158 2418 dzin
1181 2377 1420 2431 (oppidum)
1443 2385 1522 2417 etc.

391 2451 445 2491 V.
490 2450 611 2489 Duae
632 2463 838 2489 consonae
860 2448 1128 2488 inchoantes:
1157 2448 1214 2488 tri
1234 2450 1369 2499 (tres),
1397 2453 1457 2488 tre
1479 2450 1586 2500 (per)
1609 2452 1688 2485 etc.

392 2520 470 2561 VI.
514 2520 637 2559 Duae
666 2532 873 2559 consonae
897 2518 1115 2558 finientes:
1152 2518 1235 2567 alb,
1261 2518 1331 2570 alp
1354 2518 1525 2569 (mons),
1552 2515 1626 2555 arb
1649 2514 1819 2567 (heres),

278 2592 361 2631 ard
381 2590 528 2642 (altus)
550 2594 629 2629 etc.

394 2660 497 2701 VII.
543 2659 664 2698 Duae
695 2672 900 2698 consonae
930 2657 1112 2697 initiales
1144 2671 1240 2697 cum
1272 2656 1396 2697 unica
1422 2655 1562 2695 finali:
1597 2655 1697 2703 bret,
1733 2654 1827 2693 brat

281 2729 544 2784 (judicium),
571 2728 662 2782 ὂνῖρ
684 2727 850 2780 (valor),
877 2726 964 2780 dl&
987 2727 1187 2779 (debere).

393 2799 522 2839 VIII.
569 2797 706 2838 Unica
737 2811 919 2837 consona
949 2796 1152 2836 inchoans
1185 2811 1282 2836 cum
1311 2796 1474 2835 duabus
1507 2792 1818 2834 terminalibus:

278 2883 373 2923 very
397 2869 598 2919 (efficax),
626 2867 716 2908 dell>
740 2868 926 2920 (figura),
955 2866 1048 2920 dely
1071 2866 1270 2913 (eondelc,
1297 2863 1568 2918 comparatio)
1592 2870 1669 2902 etc.
