1920 3220
219 133 325 170 1144
876 145 1101 172 ADDENDA.

332 244 382 283 P.
409 247 506 292 958,
531 244 560 283 1.
592 248 656 283 10.
700 243 957 284 Assonantia
987 242 1127 283 finalis
1156 244 1220 283 bis
1252 245 1453 298 copulans
1483 245 1604 286 binas
1631 245 1764 286 lineas

219 312 448 364 (distichon
468 312 574 353 mihi
595 327 691 353 cum
714 313 954 354 assonantia
975 313 1275 367 contraposita)
1299 321 1361 354 est
1383 314 1506 354 solita
1526 315 1656 355 forma
1678 315 1763 368 epi-

218 382 463 436 grammatis
495 383 706 432 cambrici,
740 385 852 437 quod
882 383 1035 424 dicitur
1059 383 1238 436 penm‘ll,
1268 385 1370 424 dum
1401 384 1530 424 trium
1558 385 1764 424 linearum

220 453 477 507 epigramma
506 452 659 493 dicitur
684 454 850 508 enylyn.
894 454 1029 494 Valde
1051 453 1206 494 usitata
1228 461 1327 494 sunt
1347 454 1472 494 hodie
1494 469 1660 508 quoque
1682 454 1766 507 epi-

219 530 454 576 grammata
492 523 596 563 haec
618 523 857 576 pennillz’on
888 523 1024 572 dicta,
1057 538 1219 563 morum
1250 531 1470 577 praecepta
1501 524 1767 578 potissimum

220 592 445 641 tradentia,
469 592 579 633 inter
601 594 816 643 cambros,
843 608 1021 647 quorum
1042 607 1130 633 esse
1152 593 1352 633 (licuntur
1373 593 1558 646 quidam,
1580 593 1649 647 qui
1673 608 1768 634 cen—

220 670 314 703 tum
342 662 502 716 aliquot
532 663 760 717 proferant,
786 671 958 704 cantum
989 663 1299 704 accuratissime
1333 663 1493 704 cithara
1520 664 1767 704 comitantes

220 733 291 785 (cf.
313 733 663 774 Cambro-Briton
689 738 725 783 1,
750 738 816 774 69.
840 739 907 783 70,
927 733 972 773 in
994 749 1076 787 quo
1096 734 1201 774 libro
1222 734 1267 774 in
1289 734 1479 787 pluribus
1501 733 1602 774 locis
1626 748 1771 773 eorum

221 803 359 844 multa
387 804 562 845 collecta
591 803 901 856 inveniuntur).
946 804 1103 844 Lineae
1124 805 1190 844 vel
1211 805 1396 844 membra
1418 803 1576 844 octonis
1599 803 1769 857 syllabis

222 881 433 923 constant,
457 873 590 914 rarius
620 873 760 923 nonis,
784 889 821 914 e.
846 889 908 928 gr.
933 875 978 914 in
1009 874 1101 924 hoc,
1127 874 1248 928 cujus
1280 874 1489 915 sententia
1509 881 1653 914 contra
1676 874 1770 914 soli-

222 953 314 984 tum
342 958 467 984 usum
497 943 625 984 etiam
652 943 696 984 in
727 945 911 985 secundo
943 944 1123 985 disticho
1145 944 1417 985 continuatur
1440 943 1766 998 (Cambro-Brit.

220 1029 263 1068 p.
291 1016 386 1067 29):

268 1119 362 1169 Dyn
383 1132 405 1155 α
422 1132 518 1168 ιᾳανο
535 1120 661 1168 yrwth
683 1132 705 1155 a
728 1120 867 1169 thelyn,
897 1116 909 1172 {l
932 1121 1016 1156 sain
1037 1120 1295 1169 eynylzanedd,
1324 1122 1392 1156 edu
1414 1133 1460 1168 (19
1483 1120 1632 1168 ewayn,

271 1201 293 1223 a
311 1201 385 1236 yar
402 1201 429 1236 y
442 1187 587 1234 pethau
607 1201 731 1237 mwya
754 1187 882 1233 cirion,
911 1184 923 1239 ΙΙ
946 1188 1031 1237 sy'n
1049 1202 1076 1237 y
1097 1190 1170 1237 mff
1180 1187 1361 1237 y’mlelz‘tlz
1384 1187 1578 1236 anqylimu

276 1255 330 1292 Yr
350 1256 400 1291 v'c'n
421 1254 465 1291 πί
484 1255 596 1291 charo
619 1255 692 1291 clo'n
714 1268 736 1290 α
758 1255 932 1299 ehcmz'ad,
962 1252 974 1307 Η
997 1255 1041 1291 m'
1061 1255 1167 1291 ehaz'r
1185 1256 1311 1303 ymldo
1332 1268 1435 1291 ozaws
1457 1269 1476 1290 ο
1495 1254 1648 1303 (samad,

258 1324 309 1371 fe
328 1322 433 1358 wele'r
454 1322 552 1367 hum,
582 1328 640 1359 tra
663 1322 782 1371 byddo
805 1323 900 1372 byw,
929 1320 942 1375 H
963 1337 1015 1372 yn
1034 1325 1104 1371 yds
1121 1336 1199 1371 {san
1221 1323 1337 1371 dclyn,
1365 1335 1387 1358 a
1410 1322 1497 1358 eha‘s
1514 1336 1591 1370 (scm
1615 1322 1738 1358 ddum.

220 1415 382 1460 “Homo
413 1423 479 1471 qui
510 1428 611 1459 amat
642 1427 802 1460 crottam
831 1428 868 1460 et
895 1424 1067 1472 harpam,
1104 1437 1241 1460 sonum
1270 1423 1524 1467 assonantiae,
1553 1427 1707 1459 cantum
1738 1428 1776 1459 et

1247 1491 1493 1539 epigramma,

227 1564 330 1596 amat
349 1572 410 1595 res
432 1559 597 1595 maxime
619 1558 817 1603 amabiles,
845 1572 943 1606 quae
966 1563 1056 1595 sunt
1077 1559 1116 1594 in
1138 1559 1243 1595 coelo
1265 1559 1304 1594 in
1325 1559 1451 1594 medio
1473 1558 1709 1606 angelorum.

227 1629 266 1664 Is
299 1627 404 1664 solus
437 1627 503 1675 qui
533 1640 611 1663 non
643 1631 745 1663 amat
765 1631 901 1663 tonum
923 1631 961 1662 et
983 1632 1224 1671 concentum,
1251 1639 1329 1662 non
1351 1630 1451 1662 amat
1472 1627 1512 1662 in
1534 1639 1574 1662 se
1595 1626 1776 1662 virtutem

1335 1694 1473 1729 amoris
1491 1706 1497 1739 3

228 1763 420 1800 videbitur
451 1763 525 1809 hic,
555 1763 739 1811 quamdiu
769 1762 886 1798 fuerit
916 1762 1039 1806 vivus,
1067 1760 1106 1797 in
1128 1761 1214 1797 odio
1237 1774 1324 1798 cum
1345 1761 1500 1797 homine
1523 1766 1561 1797 et
1582 1761 1668 1797 odio
1691 1774 1778 1797 cum

1385 1819 1501 1865 deo„
