1920 3220
287 178 393 219 1008
477 187 720 216 APPENDIX.
766 186 910 213 SERMO
933 186 1204 213 mssERNlcth
1226 185 1390 212 CODICIS
1412 184 1628 212 CAMARAC.

284 297 346 333 tre
375 287 596 331 dadainiu.
623 285 760 327 intaz'n
781 299 927 325 scaras
955 285 1086 324 ardea
1104 283 1282 338 fricach
1311 290 1397 324 reet
1417 283 1725 324 cariscercz'cesa
1747 283 1834 323 ami

283 375 340 401 na
373 358 511 400 Zaubz’r
541 355 666 397 720007
694 355 772 396 issi
809 355 977 408 inclylas
1007 360 1164 394 martra
1195 355 1245 394 clo
1285 353 1422 394 intaz'n
1452 368 1596 394 scaras
1614 353 1833 407 friatlwla

286 430 368 471 leol
386 442 520 469 cessas
541 426 703 467 saitlwr
724 425 913 478 ippenm't
932 439 1026 464 ocus
1049 421 1251 478 nimy-{9278
1276 423 1353 463 issi
1367 423 1510 463 indere
1526 429 1684 464 marm-e
1701 424 1832 477 doso-

285 499 378 540 dita
406 497 585 539 clamosae
614 510 709 536 ocus
738 495 906 535 diorcne
927 494 1113 534 archrist
1132 494 1267 534 ccmail
1287 492 1708 533 tondeehomnuchuir
1729 494 1832 533 dem-

288 569 385 610 dail>
417 567 619 608 abstolaih
647 581 692 606 oc
723 564 1023 619 inqrz'mmimm
1051 563 1154 603 imm
1183 563 1296 603 aloen
1327 562 1439 602 ocm's
1462 562 1711 616 ocforcetal
1726 567 1834 602 recto

287 636 388 680 dee⁹
417 637 684 691 conyaibetar
713 635 816 676 {yma
851 633 1060 674 trecheuel
1077 639 1278 674 marm-eso
1300 632 1429 673 issm'b
1452 631 1631 672 eolm'dib
1656 632 1838 685 tutheyot

288 796 478 839 maslesfflv,
498 793 644 833 scilicet,
662 797 750 837 puto
769 795 882 824 ortam
900 800 1034 829 vocem,
1052 789 1158 822 simili
1177 789 1282 822 modo
1301 795 1341 824 ut
1359 790 1434 834 ipsa
1453 789 1537 822 haec
1555 789 1676 829 latina,
1693 800 1710 821 e
1728 788 1835 821 verbo

287 864 397 897 esyre,
427 851 526 891 dicis,
558 852 589 883 2.
610 860 702 893 pers.
723 859 776 891 sg.
797 846 840 880 ab
867 846 993 890 esyrim
1013 845 1232 890 (as-qairz'm:
1260 846 1304 879 cf.
1324 846 1561 891 foreonyrz'm,
1591 844 1782 889 praecipio)
1804 850 1838 877 et

289 908 382 952 conj.
408 907 500 947 mad,
530 907 559 940 si
586 905 686 938 dicis.
722 903 807 947 Adj.
838 903 940 943 bama,
961 913 1045 935 mox
1072 902 1150 943 bcin,
1179 902 1292 944 albus,
1313 903 1350 936 in
1377 903 1437 947 Sg.
1460 903 1524 935 ban
1548 902 1609 947 (gl.
1631 901 1834 946 exsanguis,

288 977 323 1010 p.
346 965 446 1009 7303
472 964 561 1008 ylas,
591 962 751 1007 glaucus,
780 960 817 993 in
847 959 908 1004 Sg.
926 959 1022 1003 ylass
1048 958 1085 991 in
1111 970 1226 1003 comp.
1255 959 1417 1003 (Izcbylass
1443 959 1506 1004 (gl.
1537 958 1733 1002 coeruleus)
1756 958 1834 997 70¹1;

286 1022 379 1062 clerc,
399 1020 517 1060 ruber,
540 1019 634 1053 unde
653 1017 763 1051 deriv.
784 1015 942 1049 dereaide
961 1014 1024 1059 (gl.
1044 1014 1232 1059 rubrenus)
1254 1016 1315 1059 Sg.
1336 1014 1409 1048 35¹³.

381 1080 412 1110 Τ.
445 1075 552 1109 “Hoc
571 1080 624 1109 est
642 1074 761 1107 album
779 1072 988 1117 martyrium
1001 1070 1149 1110 homini,
1167 1071 1196 1103 si
1210 1077 1392 1115 separatur
1405 1076 1548 1116 propter
1562 1071 1667 1104 deum
1682 1082 1701 1104 a
1716 1070 1838 1115 quavis

287 1145 336 1175 re,
358 1134 395 1167 in
422 1144 491 1178 qua
515 1137 609 1165 amat
634 1131 764 1164 multas
790 1127 974 1162 illecebras
1001 1125 1258 1171 voluptatum.''
1296 1127 1602 1171 Scaraclfiinecle,
1624 1127 1777 1172 separari
1795 1127 1838 1159 ab

287 1190 408 1235 aliquo
428 1189 478 1234 (p.
500 1188 594 1233 605).
622 1191 704 1228 reeb,
726 1188 779 1219 re't
796 1196 917 1224 maso„
938 1195 1006 1217 reS.
1026 1183 1290 1225 care'scercc'cesa,
1311 1197 1381 1218 vox
1409 1184 1562 1218 difficilis
1581 1183 1656 1228 jam
1681 1183 1776 1216 lectu
1794 1183 1839 1216 ob

288 1246 407 1280 literas
426 1245 518 1279 inter
536 1256 572 1278 se
590 1243 780 1288 implicitas
798 1241 890 1275 inter
908 1241 997 1274 duas
1014 1252 1051 1277 s:
1071 1241 1238 1286 disjungo
1257 1242 1342 1282 cari,
1359 1242 1444 1275 alias
1463 1240 1561 1281 cairi,
1576 1252 1670 1281 cara,
1685 1243 1789 1279 amat,
1805 1242 1841 1271 et

288 1303 403 1336 subst.
423 1301 612 1340 scercz‘cesa,
634 1300 691 1333 cui
717 1309 880 1344 suppono
907 1297 1020 1330 subst.
1040 1309 1124 1338 sere,
1144 1299 1219 1331 θένε
1239 1298 1378 1342 (amor),
1403 1308 1423 1330 a
1448 1308 1518 1341 quo
1545 1296 1651 1329 fuerit
1678 1295 1750 1340 adj.
1769 1307 1839 1328 ser-

289 1359 368 1392 ceclz
387 1357 576 1402 (amabilis)
597 1362 633 1390 et
650 1355 763 1389 subst.
783 1354 949 1388 serciclzes
967 1354 1191 1398 (amabilitas,
1206 1353 1399 1398 illecebra),
1415 1353 1507 1398 plur.
1522 1358 1638 1386 neutr.
1651 1351 1841 1385 serevz'elzesa

289 1413 512 1447 formationis
538 1418 580 1446 ut
604 1414 786 1447 smzchassa
808 1412 855 1456 (p.
878 1410 970 1455 750).
998 1410 1071 1443 ami
1090 1410 1159 1455 adj.
1180 1410 1273 1455 plur.
1294 1409 1338 1442 ab
1355 1422 1442 1450 ame,
1464 1410 1560 1454 quod
1577 1409 1747 1454 perhibeo
1766 1419 1840 1441 esse

290 1482 413 1503 vocem
438 1469 655 1514 primitivam
683 1469 832 1503 derivati
856 1468 957 1508 imae,
986 1467 1120 1500 multus
1141 1467 1188 1512 (p.
1212 1467 1282 1511 75).
1309 1478 1353 1498 ηα
1381 1466 1506 1507 Zazebir,
1528 1478 1597 1499 vox
1620 1465 1726 1499 etiam
1750 1464 1841 1497 infra

290 1526 387 1560 dicta
411 1525 504 1559 inter
527 1537 583 1559 res
608 1536 704 1559 caras
730 1530 765 1558 et
788 1524 973 1570 pretiosas,
995 1524 1056 1557 sed
1083 1523 1227 1557 aliunde
1253 1522 1341 1556 mihi
1360 1523 1502 1567 ignota3
1531 1521 1672 1555 videtur
1690 1532 1765 1554 esse
1783 1520 1839 1553 hic

290 1582 442 1628 genitivi
465 1582 558 1627 plur.
586 1593 680 1622 now,
709 1581 732 1614 i.
753 1594 783 1615 e.
804 1593 883 1622 oco,
913 1580 1009 1625 apud
1035 1591 1127 1620 eum,
1156 1579 1192 1612 in
1220 1591 1281 1619 eo,
1309 1579 1443 1612 scilicet
1468 1580 1541 1611 re'et
1564 1588 1685 1618 masc,
1714 1588 1794 1609 cum
1818 1588 1841 1609 η

289 1639 525 1685 prosthetica3
546 1638 681 1671 indicat
699 1637 735 1671 in
753 1638 822 1671 fine
840 1638 994 1671 locatum
1011 1635 1218 1669 relationem
1236 1636 1385 1669 fortasse
1405 1635 1454 1679 (p.
1476 1634 1569 1679 393).

384 1698 416 1729 8.
446 1694 539 1729 “Est
564 1695 632 1728 hoc
657 1694 825 1739 glaucum
851 1693 1060 1738 martyrium
1078 1692 1121 1733 ei,
1143 1704 1222 1726 cum
1242 1697 1425 1738 separatur
1443 1703 1462 1725 a
1480 1690 1735 1736 cupiditatibus
1754 1689 1838 1730 suis,

289 1752 435 1797 insuper
452 1751 587 1796 patitur
603 1750 761 1784 laborem
779 1750 815 1783 in
834 1749 1055 1795 poenitentia
1068 1755 1103 1782 et
1116 1746 1398 1781 emendatione.”
1428 1749 1498 1789 Do,
1514 1748 1556 1789 ei,
1571 1747 1719 1781 homini.
1735 1747 1808 1787 leol,
1824 1757 1841 1779 e

290 1819 410 1853 praep.
432 1807 472 1848 le,
493 1807 600 1852 apud,
614 1807 661 1847 in,
678 1812 713 1840 et
730 1807 773 1847 ol,
797 1807 901 1847 ultra,
918 1806 1060 1851 junctio
1079 1805 1163 1838 alibi
1181 1804 1268 1838 mihi
1286 1816 1357 1837 non
1377 1805 1491 1845 obvia,
1507 1804 1722 1849 significans,
1738 1809 1778 1837 ut
1791 1804 1840 1837 vi-

290 1864 406 1904 detur,
427 1863 489 1896 lat.
509 1862 662 1907 insuper.
683 1875 804 1904 cessas,
825 1864 929 1903 ee'sas,
951 1862 1065 1895 forma
1080 1861 1239 1895 relativa.
1267 1861 1412 1901 saithor,
1431 1861 1467 1894 in
1484 1861 1530 1894 W
1534 1860 1568 1893 b.
1588 1860 1736 1900 sde'thar,
1758 1871 1839 1905 gen.

288 1919 430 1960 editha),
451 1919 551 1953 labor
571 1920 619 1964 (p.
641 1920 736 1964 250).
765 1918 931 1963 z'ppenm't,
954 1918 1097 1963 epemzit,
1119 1918 1154 1951 in
1180 1917 1412 1962 poenitentia,
1434 1928 1503 1950 vox
1528 1917 1638 1950 latina
1661 1916 1842 1949 hiberuice

291 1977 452 2017 formata,
473 1981 514 2009 ut
538 1976 694 2009 abstam't
712 1975 954 2020 (abstinentia)
975 1975 1012 2008 in
1030 1975 1129 2016 Wb.,
1151 1974 1256 2007 obvia
1283 1984 1424 2018 quoque
1449 1973 1485 2006 in
1504 1973 1609 2007 Wb.:
1636 1973 1753 2017 callais]
1776 1973 1842 2007 bite

292 2032 452 2077 oepenm't
471 2032 534 2076 (gl.
556 2031 817 2065 contemtibiles
845 2031 906 2076 qui
924 2036 1008 2064 sunt
1024 2031 1060 2064 in
1080 2031 1239 2071 ecclesia,
1264 2033 1293 2063 1.
1315 2030 1394 2064 Cor.
1416 2032 1447 2070 6,
1470 2030 1502 2074 4)
1524 2032 1571 2062 9⁰.
1597 2030 1795 2073 cenpennz't
1810 2034 1843 2063 et

290 2090 493 2133 nonfacere
521 2089 644 2121 bomem
666 2088 728 2133 (gl.
748 2088 859 2121 nolite
884 2087 959 2121 fieri
982 2087 1238 2132 imprudentes,
1258 2087 1393 2132 Ephes.
1414 2090 1445 2127 5,
1470 2089 1507 2119 17
1546 2088 1615 2119 22⁶.
1651 2086 1729 2119 Vox
1748 2087 1841 2120 idem

290 2145 496 2190 significans
514 2144 655 2189 propria
673 2145 856 2178 hibernica
873 2149 926 2177 est
943 2155 1094 2188 sequens
1112 2143 1263 2187 az'thrz'ye
1281 2143 1362 2177 fem.
1369 2169 1377 2184 ,
1399 2154 1488 2188 quae
1507 2142 1673 2176 scribitur
1690 2143 1775 2177 alibi
1792 2143 1842 2177 αι’-

291 2202 424 2246 thz'rye:
444 2201 512 2234 inti
528 2200 682 2245 adez'rrz'y
704 2204 894 2245 treprecept
909 2201 950 2233 do
968 2199 1192 2244 ispreceptdir
1209 2199 1281 2232 side
1297 2198 1529 2243 iarnaitlzz'ryz'
1545 2199 1607 2244 (gl.
1625 2211 1728 2234 omne
1746 2201 1843 2245 quod

291 2258 541 2293 manifestatur
555 2257 676 2291 lumen
691 2263 755 2299 est,
769 2262 914 2302 propter
928 2256 1024 2301 quod
1040 2256 1146 2290 dicit:
1164 2267 1269 2301 surge
1283 2256 1343 2301 qui
1358 2256 1489 2289 dormis
1504 2262 1539 2289 et
1552 2267 1703 2301 exsurge
1718 2268 1736 2290 a
1750 2268 1842 2291 mor·

290 2315 374 2355 tuis,
395 2314 529 2359 Ephes.
550 2317 581 2355 5,
607 2314 659 2359 13)
681 2314 764 2347 Wb.
786 2317 855 2348 220.
881 2315 980 2358 'qm'm
1009 2312 1221 2356 indaitln'rqe
1238 2313 1339 2346 cesad
1354 2312 1528 2356 afodaz'tc'zc
1545 2312 1606 2357 (gl.
1625 2313 1785 2357 poenitet
1802 2313 1842 2347 il-

289 2371 364 2405 lum
383 2370 457 2411 sui3
478 2370 502 2403 i.
523 2382 553 2404 e.
574 2370 665 2403 actio
684 2370 915 2414 poenitentia,
936 2370 1065 2416 passio,
1082 2369 1274 2414 passivum,
1289 2369 1365 2414 ejus
1382 2369 1560 2414 toleratio)
1584 2369 1645 2414 Sg.
1662 2370 1754 2403 13712.
1784 2371 1840 2403 De

289 2427 403 2461 forma
419 2427 587 2468 aithrech,
608 2426 745 2461 aidreclz
766 2439 872 2472 supra
890 2427 1110 2471 disputatum
1129 2432 1183 2459 est
1201 2426 1266 2459 sub
1286 2426 1328 2459 B.
1349 2428 1380 2458 2.
1417 2426 1572 2459 Verbum
1591 2437 1673 2459 cum
1691 2425 1842 2460 formula

290 2484 451 2528 decemp.
469 2483 629 2524 clo-aith„
649 2483 751 2517 raith·
764 2497 775 2516 .·
794 2482 953 2517 atbe'lmz's
969 2487 1002 2516 et
1018 2485 1056 2515 m‘
1075 2481 1241 2516 taiclc'rsed
1256 2483 1338 2516 neck
1359 2483 1478 2515 Ιιιιαηηγ
1498 2482 1560 2527 (gl.
1576 2482 1669 2515 sicut
1687 2482 1841 2516 Sodoma

293 2539 378 2573 facti
397 2539 566 2584 essemus)
588 2540 670 2573 Wb.
692 2543 741 2574 ld.

382 2598 415 2629 9.
447 2594 541 2629 “Est
565 2597 633 2630 hoc
657 2596 804 2630 rubrum
827 2596 1035 2641 martyrium
1053 2596 1096 2637 ei,
1118 2596 1281 2629 toleratio
1300 2596 1413 2630 crucis
1432 2601 1466 2630 et
1483 2596 1742 2630 interemtionis
1761 2608 1841 2641 pro-

290 2658 369 2698 pter
397 2651 597 2693 Christum,
629 2658 669 2686 ut
692 2653 728 2686 id
763 2653 896 2686 factum
923 2658 977 2686 est
1001 2653 1172 2697 apostolis
1197 2653 1234 2686 in
1257 2653 1503 2697 persecutione
1528 2653 1717 2697 impiorum
1745 2658 1780 2687 et
1804 2653 1840 2686 in

290 2708 453 2742 doctrina
468 2708 558 2753 legis
577 2707 668 2742 dei.”
695 2710 766 2750 Do,
787 2714 828 2742 ut
845 2720 960 2753 supra,
982 2709 1025 2750 ei,
1046 2709 1194 2742 homini.
1204 2710 1340 2753 fodita,
1360 2710 1446 2742 alias
1456 2709 1604 2753 foclz'tz'cc,
1626 2710 1801 2751 toleratio,
1821 2721 1840 2743 a

292 2765 388 2798 verb.
399 2763 602 2809 sodaz'mz'm,
623 2765 747 2806 tolero,
768 2765 909 2798 suffero.
943 2765 1090 2806 dimone,
1111 2766 1310 2806 occisionis,
1331 2766 1602 2807 interemtionis,
1623 2778 1704 2811 gen.
1726 2766 1839 2800 subst.

291 2821 373 2855 fem.
393 2820 550 2861 diorcmz,
579 2832 734 2866 compos.
763 2828 798 2854 et
822 2821 932 2855 deriv.
959 2827 1000 2855 ut
1023 2821 1102 2862 alia,
1124 2833 1154 2854 e.
1175 2834 1228 2867 gr.
1245 2822 1466 2866 frithorczm,
1497 2835 1651 2864 esorczm,
1680 2834 1697 2855 e
1723 2822 1840 2855 radice

290 2889 359 2917 ore,
380 2889 443 2921 ory
464 2877 538 2922 jam
563 2883 769 2911 memorata.
798 2877 1159 2919 toncleelzomnnchwir,
1190 2879 1322 2912 factum
1350 2885 1414 2920 est,
1444 2879 1546 2923 cujus
1570 2877 1840 2923 significationis
