1920 3220
249 170 330 209 920
533 172 612 212 VI.
640 178 678 212 2.
723 186 1017 214 CONSTRUCTIO
1039 187 1221 215 POETICA
1246 188 1506 215 HIBERNICA.

368 283 479 324 Sunt
509 283 661 337 viginti
692 283 897 338 ejusmodi
918 286 1128 340 strophae,
1154 300 1330 340 quarum
1352 301 1540 340 quaeque
1561 294 1623 327 est
1644 288 1797 328 duode-

253 368 404 394 norum
433 368 645 403 versuum,
670 355 721 394 ab
742 355 781 395 A
803 370 935 409 usque
965 357 1018 396 ad
1040 357 1080 397 V
1100 356 1145 396 in
1176 363 1262 396 toto
1295 357 1472 410 psalmo,
1498 357 1649 410 quibus
1672 358 1799 411 epilo-

252 439 330 477 gus
362 424 535 477 triginta
563 438 762 465 versuum
790 426 989 466 succedit.
1033 426 1144 467 Nolo
1166 426 1303 467 videre
1325 426 1609 467 assonantiam
1631 428 1801 467 finalem

251 493 501 547 bisyllabam
521 494 804 548 copulativam
825 510 930 545 -are,
953 503 994 536 et
1015 496 1088 536 ubi
1109 496 1288 536 occurrit
1308 504 1411 550 puto
1433 511 1520 537 esse
1542 497 1700 537 factum
1720 498 1801 537 for-

253 563 376 612 tuito,
402 578 488 604 non
519 565 726 614 consulto,
753 565 851 619 quia
873 565 998 606 etiam
1022 582 1059 615 ο,
1085 581 1105 606 e
1126 581 1223 606 cum
1243 580 1266 605 r
1286 567 1353 606 vel
1375 581 1471 607 cum
1493 567 1584 607 aliis
1608 567 1801 607 consonis

252 641 353 674 ante
384 648 606 675 commune
635 635 853 675 vinculum
885 651 904 675 e
932 637 1203 686 antecedunt,
1228 636 1294 676 vel
1316 636 1455 690 potius
1477 637 1522 676 in
1544 644 1662 677 tanta
1684 637 1803 690 copia

251 718 402 744 vocum
424 705 672 745 exeuntium
693 705 737 745 in
760 721 780 744 e
801 720 886 745 non
909 706 1151 745 antecedere
1173 720 1259 745 non
1280 714 1472 759 possunt.
1507 706 1661 747 Nescio
1677 722 1731 747 an
1749 707 1803 747 sit

252 776 540 824 statuendum,
567 775 693 815 etiam
717 774 1003 815 assonantiam
1024 774 1230 814 initialem
1252 776 1379 816 fuisse
1400 776 1444 815 in
1467 776 1639 816 consilio
1661 783 1802 816 aucto-

251 844 322 884 ris.
364 845 568 888 Quamvis
590 845 720 885 rarior
741 852 818 894 est,
842 859 928 884 non
950 846 1066 885 deest
1087 852 1196 885 certe
1219 845 1437 899 ejusmodi,
1459 860 1494 886 e.
1515 861 1577 899 gr.
1603 846 1648 886 in
1668 846 1803 899 prima

251 915 425 968 stropha
452 915 496 954 in
527 921 797 968 peccatorum
819 920 997 968 propter
1024 929 1323 967 praemonere,
1357 929 1532 968 requam
1561 916 1798 965 reticulam,

250 985 545 1039 conlyreqantz'
567 1000 712 1039 qenzcs,
738 985 944 1025 miserunt
972 985 1103 1026 malos
1124 999 1254 1033 mare,
1279 985 1440 1025 saeculi
1457 1000 1671 1039 separare,
1695 987 1802 1027 retia

249 1061 466 1109 ruperunt,
492 1056 608 1096 sedes
628 1062 881 1096 sanctorum.
1563 1061 1566 1064 ’

364 1125 774 1167 Animadvertuntur
809 1126 1037 1180 peculiaria
1065 1126 1284 1179 quaedam.
1338 1126 1469 1166 Elisio
1499 1126 1707 1167 vocalium
1735 1128 1801 1167 vel

251 1196 600 1237 terminationum
629 1212 726 1237 cum
747 1211 786 1237 m
809 1203 906 1236 ante
929 1197 1091 1236 vocales
1113 1197 1222 1236 facta
1243 1196 1477 1236 interdum:
1511 1196 1682 1237 reticulo
1704 1197 1801 1237 mis-

250 1266 359 1307 so-z'n
381 1280 498 1306 mare
520 1271 554 1315 1,
579 1271 616 1305 3.
642 1267 762 1306 modo
784 1281 861 1319 quo
874 1267 1617 1320 paeto-exeasczbuntfactam-altare
1638 1273 1800 1308 eontra-

250 1337 386 1378 altare
410 1340 447 1386 2,
478 1342 542 1386 10,
569 1338 640 1376 sed
661 1336 760 1376 alibi
782 1336 909 1376 etiam
931 1337 1097 1385 omissa,
1124 1351 1160 1376 e.
1181 1351 1243 1389 gr.
1271 1339 1309 1384 2,
1339 1340 1384 1375 3:
1411 1336 1682 1390 sicfecermzt
1702 1337 1801 1377 scis—

251 1422 395 1448 suram
427 1413 465 1448 et
493 1408 629 1448 altare
657 1412 801 1447 contra
831 1407 982 1447 altare.
1026 1410 1138 1447 Ante
1160 1406 1321 1446 vocales
1344 1406 1361 1445 ι’
1379 1407 1534 1446 abolita
1555 1407 1620 1447 vel
1641 1408 1803 1460 prolata

251 1485 298 1517 ut
304 1478 360 1530 j.-
394 1478 657 1529 abunclcmffa
669 1509 681 1526 ,
722 1479 981 1531 evanqe‘ljecm
995 1510 1006 1527 ,
1047 1477 1263 1528 eeclety'am
1276 1508 1287 1525 ,
1328 1477 1515 1528 (Zs'abolO,
1558 1477 1797 1529 traclig‘jone,

250 1548 372 1600 ab'os,
398 1562 474 1588 nec
507 1555 649 1588 tamen
680 1555 721 1587 et
752 1548 829 1587 hoc
861 1561 1037 1600 semper.
1083 1548 1204 1587 Duae
1234 1546 1417 1600 syllabae
1447 1547 1593 1586 breves
1621 1561 1695 1600 pro
1716 1562 1802 1587 una

250 1626 350 1658 sunt
370 1618 415 1657 in
442 1623 477 1667 1,
508 1623 550 1657 7:
576 1617 764 1672 quisquis
787 1617 931 1658 recolit
952 1616 1223 1671 evcmqel‘e'um,
1248 1616 1294 1655 ni
1315 1616 1540 1669 legendum
1562 1624 1625 1657 est
1645 1617 1756 1657 colit.

363 1689 463 1729 Non
491 1689 629 1729 differt
659 1688 914 1728 constructio
936 1686 1171 1727 carminum
1192 1686 1379 1740 ejusdem
1401 1687 1557 1727 saeculi
1579 1687 1644 1728 vel
1664 1695 1800 1741 poste—

248 1759 405 1800 riorum
436 1758 712 1813 superstitum
734 1774 786 1799 ex
807 1758 888 1798 alia
910 1757 1081 1797 celticae
1103 1756 1287 1796 nationis
1311 1764 1433 1806 terra,
1458 1757 1502 1797 in
1525 1773 1651 1811 quam
1673 1757 1800 1798 chris-

249 1831 364 1871 tiana
385 1830 530 1883 religio
552 1830 679 1870 etiam
699 1829 916 1869 literarum
938 1828 1101 1868 cultum
1119 1826 1278 1876 intulit,
1301 1841 1351 1866 ex
1369 1828 1591 1877 Hibernia,
1613 1828 1697 1867 sive
1715 1828 1802 1868 sola

248 1901 491 1942 assonantia
521 1915 618 1940 cum
648 1908 759 1940 certo
791 1899 1046 1952 syllabarum
1077 1911 1252 1936 numero
1280 1897 1521 1937 dominatur
1542 1898 1586 1939 in
1608 1898 1689 1946 his,
1715 1898 1800 1938 sive

246 1978 409 2025 praeter
431 1985 523 2010 eam
544 1970 725 2010 latinum
748 1983 912 2022 quoque
936 1975 1116 2007 metrum
1138 1966 1374 2007 adhibetur.

362 2042 407 2082 S.
430 2040 616 2090 Patricii,
638 2040 927 2080 Hibernorum
948 2036 1125 2091 apostoli
1146 2038 1215 2089 (ab
1233 2052 1269 2076 a.
1293 2042 1372 2076 433
1397 2052 1528 2090 usque
1550 2038 1602 2077 ad
1619 2052 1656 2077 a.
1681 2040 1796 2089 460),

246 2112 391 2166 nepoti
414 2110 656 2152 Secundino
678 2108 929 2150 adscribitur
950 2108 1133 2162 hymnus
1155 2107 1444 2161 alphabeticus
1465 2108 1510 2147 in
1532 2108 1701 2148 laudem
1718 2108 1798 2147 Pa-

249 2182 357 2223 tricii
388 2182 526 2222 adhuc
556 2181 640 2221 vivi
671 2183 756 2234 (ap.
789 2179 988 2220 Galland.
1019 2183 1084 2227 10,
1115 2181 1216 2226 1833
1252 2178 1304 2217 cf.
1330 2178 1475 2218 Vitam
1507 2178 1551 2218 S.
1588 2178 1703 2217 Patr.
1729 2192 1796 2230 ap.

247 2253 357 2293 13011.
385 2253 513 2292 Mart.
541 2257 580 2301 2,
608 2253 722 2303 276),
748 2250 868 2304 cujus
898 2264 1043 2289 versus
1074 2247 1197 2288 metri
1225 2248 1349 2288 latini
1378 2255 1568 2302 expertes
1591 2255 1631 2287 et
1653 2261 1799 2287 secun-

246 2325 347 2364 dum
378 2323 634 2377 syllabarum
662 2321 892 2369 rationem,
927 2327 975 2360 nt
1002 2319 1190 2373 psalmus
1222 2318 1266 2358 S.
1290 2317 1548 2372 Augustini,
1581 2315 1800 2370 compositi

243 2400 408 2448 praeter
446 2391 732 2433 assonantiam
763 2390 970 2431 initialem
1001 2396 1042 2429 et
1072 2389 1244 2429 finalem
1275 2388 1581 2442 copulativam,
1617 2401 1722 2440 quae
1755 2386 1799 2425 in

244 2465 408 2504 duobus
431 2463 619 2503 versibus
643 2462 808 2516 saepius
831 2462 962 2509 adest,
983 2474 1069 2499 non
1093 2466 1233 2499 tamen
1256 2472 1431 2512 semper,
1453 2457 1712 2510 frequentius
1735 2470 1798 2495 as-

243 2533 481 2575 sonantiam
502 2534 672 2574 finalem
694 2531 908 2573 lateralem
930 2530 1174 2569 ostendunt.
1221 2529 1332 2568 Sunt
1354 2543 1389 2568 e.
1415 2542 1477 2581 gr.
1505 2527 1675 2581 stropha
1696 2527 1733 2565 A
1757 2532 1799 2565 et

242 2606 277 2644 P,
301 2619 396 2644 cum
419 2603 660 2645 assonantia
679 2601 798 2642 finali
819 2601 1067 2655 plerumque
1087 2599 1399 2652 monosyllaba:

442 2684 445 2738 ξ
471 2687 629 2730 Audite,
664 2687 667 2735 1
695 2697 822 2721 omnes
848 2683 854 2732 l
881 2687 1047 2719 amantes
1071 2677 1082 2733 Η
1107 2682 1234 2725 deum,
1263 2684 1395 2716 sancta
1416 2680 1553 2716 merita

380 2754 468 2791 Viri
486 2755 526 2790 in
549 2754 703 2790 Christo
724 2751 831 2789 beati
852 2747 863 2803 ΙΙ
888 2749 1032 2787 Patrici
1055 2750 1061 2798 l
1089 2748 1274 2797 episcopi,

381 2823 584 2863 Quomodo
605 2822 748 2858 bonum
769 2820 817 2856 ob
845 2819 850 2868 Ι
877 2822 1003 2854 actum
1027 2812 1038 2867 Η
1063 2815 1253 2851 similatur
1279 2815 1284 2864 Ι
1312 2815 1470 2863 angelis,

376 2890 666 2938 Perfectamque
688 2892 843 2937 propter
867 2887 984 2922 vitam
1008 2881 1020 2937 ΙΙ
1068 2882 1073 2931 Ι
1101 2888 1288 2931 aequatur
1314 2882 1319 2931 Ι
1347 2881 1543 2931 apostolis.
