1920 3220
254 201 335 241 836
486 200 540 240 V.
568 202 606 238 2.
647 211 906 239 COMPOSITIO
930 212 1176 239 HIBERNICA
1198 212 1560 240 PARTICULARUM.

254 313 483 361 manicum,
505 312 592 361 sed,
613 318 661 352 ut
683 312 985 361 Maroboduus,
1005 326 1073 352 ore
1095 312 1246 366 gallico
1268 313 1417 366 gallice
1439 312 1799 353 transformatum.

255 383 510 425 Addendum
540 388 603 422 est
632 395 786 422 nomen
816 381 1027 435 belgicum
1058 384 1279 423 Atrebates
1309 396 1384 436 pro
1410 382 1676 431 Adtrebates,
1703 382 1803 422 assi-

253 454 470 495 milatione
501 453 661 501 eadem,
688 467 793 506 quae
823 452 949 492 etiam
979 452 1140 493 obtinet
1167 452 1380 493 hibernice
1402 451 1446 492 in
1470 452 1638 492 vocibus
1661 453 1803 493 atreba

254 525 450 579 (habitat,
475 522 674 577 possidet,
699 538 742 576 p.
771 525 886 575 359),
913 524 1085 563 aeeohor
1103 524 1334 575 (voluntas)
1353 523 1536 563 aceomol
1551 522 1802 576 (adjunctio)

254 596 353 636 Wb.
380 594 452 647 Sg.
478 594 554 647 fq„
580 608 759 647 quarum
786 601 926 633 tamen
948 593 1193 646 compositio
1216 594 1351 633 elucet
1374 607 1395 632 e
1416 592 1557 633 formis
1581 592 1804 632 adrothreb

254 664 493 717 (habitavit,
523 664 729 716 consedit.)
754 664 832 704 Ml.
865 661 946 711 17¹3
971 663 1210 703 aclcobrae’m
1243 663 1318 717 (gl.
1344 663 1457 716 volo)
1482 664 1553 715 Sg.
1586 661 1695 712 llssb,
1730 664 1804 703 ad-

252 736 469 784 comaltm',
492 734 785 775 adelmmlatar
807 732 1086 787 (adjungitur,
1109 737 1274 786 -untur)
1300 735 1372 787 Sg.
1394 734 1463 774 Cr.
1485 734 1551 774 Cf.
1577 748 1676 773 mox
1698 734 1805 774 infra

251 807 415 847 hibern.
442 807 530 846 acb.

366 877 453 917 IN:
488 876 688 916 Insubres
718 874 811 914 Liv.
847 873 1046 914 Indutius
1077 874 1209 914 Inscr.
1244 874 1316 914 Or.
1345 878 1440 912 431.
1486 874 1801 915 Indutiomarus

252 948 322 997 (cf.
348 963 390 1002 p.
419 951 465 985 31
501 948 612 998 not.)
636 946 756 985 Caes.
803 944 1032 988 Quaeritur
1061 959 1204 984 annon
1235 945 1379 984 eadem
1410 944 1616 997 particula
1648 945 1701 985 sit
1723 945 1803 986 int-

252 1020 374 1059 obvia
405 1025 501 1058 ante
529 1016 714 1056 vocales:
751 1016 976 1055 Intarabus
1000 1016 1143 1067 (deus3
1177 1015 1229 1054 cf.
1256 1015 1465 1054 Marullus
1488 1015 1616 1054 Arabi
1645 1016 1705 1056 fil.
1731 1017 1802 1056 In-

252 1090 393 1143 script.
422 1090 689 1129 Vesunnens.
711 1101 777 1140 ap.
800 1086 952 1134 Orell.,
973 1094 1014 1125 et
1036 1100 1189 1125 nomen
1211 1085 1313 1125 fluv.
1334 1085 1499 1133 Arabo,
1526 1086 1680 1125 cambr.
1704 1086 1799 1126 hod.

253 1161 380 1215 (ιφ-ια’,
412 1159 546 1211 mitis)
577 1157 708 1198 Orell.
736 1160 860 1195 2015.
891 1151 1144 1210 ³lvv0v5'97m
1170 1158 1342 1207 (nomen
1374 1155 1626 1196 Germaniae
1656 1156 1801 1209 populi

249 1232 452 1272 Rhenum
479 1227 703 1270 accolentis
725 1227 925 1280 gallicum
940 1243 949 1275 3
985 1227 1037 1267 cf.
1063 1227 1347 1281 Vergobretus
1371 1227 1510 1274 Caes,
1535 1226 1690 1266 cambr.
1716 1234 1798 1266 vet.

246 1316 392 1356 querq,
418 1317 459 1355 p.
490 1305 536 1339 '14
561 1301 673 1350 not.)
704 1298 817 1338 Ptol.
844 1298 1057 1338 Particula
1086 1297 1148 1337 2'22-
1178 1297 1220 1336 in
1249 1296 1474 1336 hibernicis
1506 1296 1682 1336 vetustis
1712 1297 1802 1350 qui—

248 1374 427 1413 busdam
456 1370 605 1411 transit
625 1370 670 1409 in
692 1368 1042 1422 significationem
1065 1367 1296 1408 habilitatis
1318 1367 1384 1406 vel
1405 1366 1670 1416 intensionis,
1697 1382 1803 1420 (111110

250 1444 376 1484 etiam
399 1441 639 1482 continetur
660 1440 704 1480 in
727 1440 826 1479 hod.
852 1439 1017 1479 hibern.
1042 1439 1150 1492 gael.
1176 1438 1279 1478 ion„

364 1513 506 1553 CON:
550 1512 840 1551 Consuanetes
878 1510 991 1550 Plin.
1029 1508 1386 1550 Convictolitanes
1429 1509 1549 1549 Caes.
1594 1508 1798 1557 Condate,

250 1583 502 1626 Condatisco
525 1581 628 1622 Itin.
656 1581 785 1634 Greg.
812 1581 914 1620 Tur.
941 1580 1205 1620 Condercum
1228 1580 1353 1631 (Brit.
1375 1581 1493 1633 opp.)
1517 1578 1654 1619 Notit.
1682 1579 1798 1632 dign.

250 1653 460 1697 Condrusi
491 1654 611 1694 Caes.
638 1652 880 1704 Congavate
903 1650 1049 1703 (Brit.)
1072 1651 1174 1690 Not.
1202 1650 1318 1704 dign.
1356 1649 1643 1702 Congennicia
1666 1650 1798 1689 Inscr.

250 1728 408 1766 Murat.
439 1727 570 1773 1778,
601 1726 665 1762 12.
708 1720 936 1762 Contrebia
966 1723 1110 1774 (caput
1143 1721 1473 1768 Celtiberorum3
1509 1719 1561 1759 cf.
1590 1720 1802 1760 Contreue

249 1796 362 1845 villa,
389 1795 443 1835 al.
470 1796 695 1842 Contrave,
721 1792 951 1841 Gentreue,
979 1793 1030 1831 ad
1057 1792 1294 1840 Mosellam,
1321 1791 1489 1832 Gunth.
1516 1792 1607 1830 cod.
1634 1791 1736 1845 dipl.
1762 1796 1798 1840 1,

247 1883 290 1907 11.
319 1871 389 1918 25)
422 1865 563 1905 Valer.
600 1864 718 1903 Max.
751 1862 984 1915 Concangii
1017 1862 1152 1913 (Brit.
1183 1864 1312 1915 opp.)
1346 1862 1482 1901 Notit.
1518 1861 1634 1915 dign.
1676 1847 1810 1902 (JOM‘

249 1946 346 1979 ante
368 1936 563 1977 labiales:
589 1932 935 1974 Combretonium
958 1932 1172 1984 (Britann.
1198 1935 1318 1986 opp.)
1341 1931 1444 1971 Itin.
1470 1932 1573 1971 Ant.
1603 1933 1800 1972 Vercom-

249 2008 398 2062 bogius
431 2005 627 2059 Inscript.
664 2005 789 2045 Grut.
819 2007 924 2051 758,
954 2007 1028 2052 11,
1064 2002 1182 2056 cujus
1219 2003 1373 2042 formae
1409 2001 1638 2042 obtinentis
1676 2003 1802 2043 etiam

248 2086 345 2120 ante
374 2077 536 2117 vocales
569 2083 678 2116 esset
706 2074 963 2128 exemplum,
990 2073 1024 2113 si
1053 2074 1221 2113 deberet
1252 2071 1434 2126 separari
1455 2072 1704 2125 Com-ageni
1729 2073 1799 2124 (cf.

250 2149 516 2204 Agendicum
538 2148 681 2199 Caes.)
704 2146 809 2186 Tab.
837 2146 886 2184 P.
932 2145 1006 2185 CO
1028 2151 1126 2184 ante
1157 2143 1353 2197 liquidas,
1379 2150 1427 2182 ut
1449 2142 1634 2182 videtur:
1668 2144 1803 2183 Cona-

249 2229 414 2261 motuso
438 2219 508 2272 (cf.
534 2219 723 2258 Namuta
752 2230 878 2269 supra
906 2231 948 2269 p.
978 2216 1076 2267 759)
1100 2214 1298 2268 Inscript.
1324 2214 1449 2254 Grut.
1479 2217 1574 2262 827,
1605 2218 1640 2253 1.
1686 2214 1803 2254 Ν11111

249 2291 381 2346 possit
403 2290 530 2331 etiam
552 2286 681 2329 statui
703 2286 834 2326 forma
855 2286 968 2327 COR
990 2285 1117 2325 nimis
1140 2284 1316 2324 dubium
1339 2292 1400 2324 est
1423 2287 1482 2338 (1).
1511 2288 1597 2337 50).

364 2362 507 2401 ARE:
543 2357 785 2399 Aremorica
808 2356 920 2397 Plin.
949 2361 988 2406 4,
1020 2362 1082 2396 17.
1108 2355 1349 2395 Aremorica
1379 2370 1481 2408 gens
1504 2356 1666 2395 Auson.
1692 2356 1798 2409 prof.

256 2439 319 2473 10.
355 2429 590 2472 Arecomici
612 2431 733 2470 Caes.
760 2428 874 2468 Plin.
909 2426 1169 2480 Arebrignus
1198 2440 1333 2479 pagus
1363 2426 1543 2465 Eumen.
1570 2427 1798 2479 (Panegyr.

249 2511 352 2544 vett.
382 2508 427 2551 7,
455 2504 512 2553 6).
557 2500 735 2552 Arelape
767 2498 872 2550 (loc.
908 2498 1083 2549 Noric.)
1116 2497 1219 2536 Itin.
1250 2495 1418 2535 Arelate
1450 2496 1589 2547 (Gall.
1624 2497 1800 2548 merid.)

251 2575 370 2615 Caes.
398 2571 511 2612 Plin.
551 2570 679 2624 Apud
700 2570 921 2608 Caesarem
942 2568 1083 2607 minus
1104 2568 1212 2606 bene
1234 2565 1421 2605 redditur
1440 2565 1681 2606 Armoricae
1703 2566 1800 2605 civi-

249 2652 371 2693 tates,
387 2657 483 2683 cum
500 2641 611 2681 haud
631 2639 756 2680 dubie
773 2639 818 2678 in
836 2638 900 2678 his
914 2638 1100 2678 obtineat
1111 2635 1432 2690 praepositionis
1444 2636 1575 2676 forma
1588 2636 1801 2690 primitiva

248 2714 330 2763 ari,
352 2728 440 2762 are,
460 2727 481 2752 e
499 2727 581 2765 qua
596 2710 751 2764 prodiit
768 2709 933 2748 hibern.
955 2708 1036 2757 air,
1053 2708 1207 2747 cambr.
1224 2720 1288 2755 αν,
1305 2713 1344 2745 et
1362 2706 1413 2745 ab
1431 2706 1508 2745 hac
1526 2707 1801 2747 discernenda

248 2787 301 2827 sit
332 2784 537 2840 particula
568 2779 857 2835 inseparabilis
880 2793 963 2827 ar-,
990 2793 1051 2818 er·
1073 2778 1118 2817 in
1139 2776 1309 2817 nomine
1327 2771 1541 2829 Ἀρκωία,
1565 2777 1795 2831 Hercynia.

364 2855 499 2895 ATE:
525 2853 772 2894 Ateboduus
796 2851 929 2890 Inscr.
956 2849 1082 2889 Grut.
1107 2852 1202 2897 758,
1228 2852 1292 2886 11.
1318 2848 1531 2900 Ate-gnata
1549 2848 1675 2888 (ii-ut.
1701 2852 1794 2897 758,

255 2933 316 2966 11.
348 2930 441 2975 763,
471 2930 509 2965 6.
555 2925 806 2964 Ataevortus
837 2921 962 2962 Grut.
993 2923 1093 2968 733,
1125 2923 1160 2958 1.
1205 2918 1391 2959 Atecotti
1423 2917 1644 2970 (Britann.
1670 2920 1798 2972 pop.)
