1920 3220
231 171 312 209 960
506 173 586 212 VI.
614 176 652 211 2.
693 185 987 212 CONSTRUCTIO
1011 186 1193 213 POETICA
1216 185 1502 213 BRITANNICA.

231 290 299 323 tus
331 283 587 336 syllabarum
617 291 708 323 octo
737 283 1000 337 plerumque,
1026 299 1117 325 raro
1145 299 1297 325 novem
1325 285 1392 324 vel
1424 299 1510 324 sex.
1557 284 1667 324 Sunt
1688 298 1784 338 ergo

231 352 293 392 illi
323 367 466 392 versus
499 367 596 393 cum
627 353 868 394 assonantia
891 354 1142 407 copulativa,
1168 354 1211 393 hi
1233 355 1417 394 membra
1439 368 1581 394 versus
1604 369 1699 394 cum
1721 369 1784 394 as-

232 421 426 461 sonantia
456 424 740 475 contraposita
771 425 1003 463 secundum
1025 432 1214 463 veterum
1235 424 1426 463 codicum
1447 423 1779 476 dispositionem.

235 491 281 530 Si
303 497 365 530 est
386 491 522 531 minor
543 493 739 542 ambitus,
761 494 1216 533 occurruntinterdum
1235 500 1376 533 ternae
1394 493 1671 541 assonantiae,
1694 493 1722 532 i.
1744 507 1779 532 e.

234 561 429 614 strophae
458 561 669 611 triadicae,
698 570 746 602 ut
774 564 888 616 apud
909 564 1124 603 Cambros.
1169 563 1357 615 Excepta
1386 562 1625 602 assonantia
1655 562 1783 616 majo—

233 630 288 670 ris
321 638 507 680 ornatus,
536 631 704 681 initiali,
731 632 898 673 interna
926 633 991 672 vel
1020 632 1195 680 laterali,
1222 640 1395 672 manent
1422 646 1517 685 ergo
1540 632 1661 671 hodie
1684 646 1784 685 quo-

235 714 315 753 que
336 700 496 754 priscae
518 702 842 742 constructionis
865 702 1051 755 poeticae
1073 702 1243 741 formae.

348 771 609 824 Ampliorem
650 779 691 811 et
731 771 863 824 magis
904 778 1094 811 ornatam
1135 770 1488 812 constructionem
1524 770 1567 809 in
1605 770 1785 823 strophis

236 842 466 881 ostendunt
503 841 688 881 carmina
716 841 868 881 harum
896 840 1170 881 dialectorum
1199 841 1242 880 in
1272 841 1483 881 codicibus
1514 847 1675 880 servata
1698 839 1787 893 jam

236 925 322 950 non
343 911 446 950 adeo
468 917 648 951 vetusta.

349 980 577 1020 Cornicum
607 983 755 1034 poema
781 981 831 1020 de
852 980 1046 1034 passione
1068 980 1226 1021 Christi
1248 980 1569 1021 constructionis
1592 995 1788 1020 versuum

236 1056 418 1090 veterem
448 1050 624 1090 formam
653 1052 759 1091 bene
790 1051 983 1091 servavit.
1040 1051 1332 1104 Compositum
1363 1058 1425 1090 est
1456 1050 1569 1090 enim
1599 1050 1787 1090 versibus

236 1121 417 1159 (luorum
438 1120 721 1160 membrorum
742 1136 839 1160 cum
861 1120 1044 1174 septenis
1067 1121 1252 1174 syllabis,
1276 1129 1322 1161 ut
1344 1121 1526 1161 carmina
1545 1127 1710 1161 vetusta
1726 1120 1788 1159 hi-

236 1190 404 1230 bernica
434 1190 699 1230 decurrentia
729 1190 773 1230 in
805 1191 996 1231 distichis
1024 1205 1119 1230 cum
1141 1191 1382 1231 assonantia
1413 1190 1694 1244 contraposita
1723 1190 1789 1230 vel

237 1259 492 1314 copulativa,
517 1267 559 1299 et
587 1261 638 1300 ab
669 1260 734 1300 his
766 1275 813 1301 eo
845 1261 996 1309 differt,
1023 1262 1135 1314 quod
1164 1269 1343 1314 quatuor
1374 1275 1517 1301 versus
1549 1260 1790 1300 assonantia

238 1329 475 1384 copulativa
495 1330 756 1380 continuata,
777 1344 907 1383 eaque
925 1331 1098 1384 duplici,
1120 1331 1165 1370 in
1183 1331 1396 1384 stropham
1414 1330 1557 1371 sociat.
1595 1330 1790 1383 Exempli

237 1414 362 1440 causa
384 1399 485 1440 sisto
507 1400 697 1454 strophas
720 1402 823 1441 duas
848 1404 943 1440 232.
972 1403 1066 1449 233,
1093 1402 1142 1440 de
1166 1402 1381 1454 sepultura
1403 1400 1575 1441 Christi.

439 1504 551 1551 Josep
575 1504 634 1540 the
659 1504 790 1540 Christ
810 1517 831 1539 (ι
853 1517 996 1553 vymzas
1021 1500 1032 1555 Η
1053 1519 1079 1553 3]
1101 1518 1222 1541 arrow
1243 1506 1319 1553 hay
1342 1506 1512 1554 theffreqle,
1534 1505 1645 1541 whek

446 1571 504 1607 Γπ
526 1585 659 1607 venner
680 1572 742 1607 del
764 1570 828 1621 [ve]
851 1586 905 1621 yn
926 1572 1028 1608 ‘colias
1053 1567 1065 1623 Η
1089 1572 1162 1620 hay
1185 1585 1225 1607 as
1244 1577 1428 1621 ystymms
1442 1586 1521 1620 par
1542 1573 1615 1609 dek

439 1639 547 1675 Adro
571 1639 636 1687 thy
654 1640 790 1689 ymfy
814 1640 960 1688 trylyas
984 1634 996 1691 Η
1020 1640 1168 1675 semlall
1185 1639 1266 1675 rich
1285 1653 1338 1688 yn
1362 1640 1443 1675 letas
1456 1640 1553 1687 pleg

442 1705 509 1741 Ha
531 1706 676 1755 Illargsa
701 1706 757 1742 len
779 1719 801 1741 α
823 1718 885 1742 ras
910 1702 921 1757 Η
942 1720 1060 1754 qmzso
1084 1712 1173 1743 trest
1192 1707 1240 1743 lca
1262 1707 1471 1743 morethek.

244 1880 299 1912 Ita
317 1885 351 1913 et
369 1879 454 1913 alibi
476 1879 520 1924 (2,
543 1883 620 1914 224.
642 1881 735 1925 440).
766 1882 983 1916 Assonantia
1005 1883 1245 1926 contraposita
1263 1883 1297 1916 in
1316 1883 1482 1917 membris
1501 1886 1708 1916 octonarum
1727 1878 1794 1923 syl—

243 1935 403 1970 labarum
426 1936 471 1980 (1,
495 1936 598 1981 314):

442 2017 553 2051 Petra
570 2029 591 2049 α
609 2017 643 2050 ia
657 2017 729 2061 yad
745 2030 787 2050 αν
803 2019 926 2051 mene?
946 2018 956 2063 [l
974 2019 1057 2051 Em·
1075 2031 1186 2052 mmm
1206 2020 1305 2053 meod
1319 2020 1364 2053 dec
1379 2021 1535 2064 yreclamz
1556 2031 1587 2054 e.

246 2098 397 2132 Rariora
415 2097 574 2131 membra
590 2110 809 2132 novellarum
827 2100 882 2133 vel
900 2111 1064 2133 senarum
1083 2099 1295 2144 syllabarum
1317 2100 1361 2145 (2,
1384 2101 1439 2145 (52)
1456 2115 1462 2134 ε

358 2188 414 2221 Ne
430 2187 524 2228 vz'mz,
545 2188 659 2229 a-z-acl,
683 2189 778 2222 belek
796 2201 841 2222 mr
859 2189 1030 2230 manae’h,
1053 2190 1063 2233 {l
1083 2190 1178 2223 laket
1193 2202 1242 2223 em
1262 2203 1320 2223 eu:
1337 2202 1394 2224 ma
1411 2190 1533 2234 speret]
1548 2201 1585 2222 er
1596 2188 1727 2234 plac’h.

247 2277 339 2310 Sena
356 2277 392 2311 in
412 2277 573 2311 distichis
592 2278 646 2312 vel
664 2278 700 2312 in
719 2279 874 2324 strophis
893 2284 1046 2324 quatuor
1064 2279 1237 2313 linearum
1256 2280 1291 2313 in
1310 2280 1466 2314 editione
1486 2281 1531 2325 (2,
1552 2280 1631 2323 462)
1648 2293 1654 2313 z

611 2360 741 2393 Jews!
757 2372 866 2404 pesser
885 2361 965 2394 bra:
985 2372 1024 2393 co
1045 2361 1054 2405 ΙΙ
1067 2361 1230 2405 plg'jadm·
1247 2373 1318 2394 (mn
1335 2373 1430 2401 eneo,

616 2416 670 2449 Pa
689 2416 762 2449 vz'nt
778 2416 881 2449 (lirak
899 2417 997 2457 douc,
1020 2417 1030 2461 {l
1049 2418 1117 2461 leaf]
1136 2429 1201 2450 erm
1219 2418 1260 2450 he
1274 2421 1439 2461 (sat-ante.

250 2496 401 2541 Stropha
420 2496 567 2530 triadica
586 2509 664 2530 cum
684 2498 821 2531 octonis
840 2498 984 2542 syllabis
1002 2498 1038 2531 in
1057 2498 1160 2531 lineis
1180 2498 1225 2542 (1,
1247 2499 1324 2543 50):

734 2580 795 2612 ΗΟ
813 2580 930 2612 mabz'k
947 2580 1032 2612 salar
1049 2578 1144 2612 e’lmc'
1159 2591 1179 2611 a
1196 2578 1302 2618 vz'rez,

734 2636 798 2669 M'e
815 2647 871 2668 ma
889 2635 967 2668 ln'm'
983 2648 1034 2668 me
1052 2648 1071 2668 (ι
1087 2636 1212 2679 yollez.

743 2692 851 2725 Truez
870 2692 969 2725 ozczz'n
988 2704 1112 2724 numum
1132 2704 1152 2724 α
1170 2693 1295 2724 (Ῐνιιθῑῖ

248 2772 329 2805 Non
355 2772 586 2805 inveniuntur
612 2772 778 2818 strophae
803 2772 990 2817 ampliores
1016 2785 1095 2806 cum
1123 2773 1336 2806 assonantiis
1359 2773 1394 2806 in
1413 2774 1516 2806 certis
1535 2772 1636 2806 lineis
1654 2783 1798 2817 respon-

252 2828 431 2869 dentibus,
454 2832 493 2861 ut
510 2827 545 2861 in
564 2829 736 2862 armorico
754 2832 915 2874 poemate
934 2830 977 2863 de
996 2830 1032 2863 S.
1056 2830 1201 2870 Nonita,
1222 2829 1257 2863 in
1277 2841 1346 2874 quo
1365 2833 1488 2863 contra
1505 2829 1603 2863 nulla
1621 2833 1674 2862 est
1692 2840 1797 2862 mem-

252 2885 394 2917 brorum
413 2885 540 2917 divisio
559 2885 604 2918 ob
622 2897 697 2919 eam
715 2885 939 2930 stropharum
959 2886 1259 2920 constructionem
1278 2886 1390 2930 magis
1409 2886 1626 2930 implicitam.
