1920 3220
247 184 329 225 918
535 187 613 226 VI.
643 189 680 225 2.
726 200 1020 227 consrnucrm
1043 200 1226 227 POETmA
1250 201 1511 228 HIBERNICA.

365 297 623 338 Assonantia
666 306 728 338 est
774 297 843 338 hic
880 297 1139 352 copulativa,
1182 313 1313 353 eaque
1351 299 1532 354 duplex,
1574 299 1621 340 in
1667 300 1802 354 prima

254 367 447 421 stropha,
482 368 765 421 contraposita
799 368 845 408 in
880 370 1078 409 secunda.
1131 369 1389 410 Assonantia
1423 370 1563 410 finalis
1599 370 1804 424 bisyllaba

253 451 374 491 porro
399 437 445 477 in
466 438 558 478 aliis
579 438 763 492 hymnis,
789 453 966 492 quorum
988 445 1131 479 auctor
1151 439 1447 480 vetustissimis
1470 440 1719 481 testimoniis
1741 456 1803 482 as-

255 507 406 547 seritur
427 508 675 549 Ambrosius
698 509 768 561 (cf.
794 509 1002 549 editorum
1023 509 1353 549 admonitionem
1373 510 1419 549 in
1439 510 1653 564 hymnos),
1679 525 1715 551 e.
1738 525 1800 564 gr.

255 577 301 617 in
321 577 447 631 primi
468 579 639 632 stropha
661 587 801 619 sexta:

446 661 558 697 Gallo
581 666 739 698 canente
767 660 772 710 Ι
800 674 887 709 spes
909 661 1019 704 redit,
1049 657 1062 712 Η
1086 661 1209 709 aegris
1237 657 1241 713 1
1270 661 1373 697 salus
1395 661 1626 706 refunditur,

447 730 584 765 Mucro
612 730 616 778 Ι
643 729 802 765 latronis
826 728 1016 772 conditur,
1046 724 1058 779 ΙΙ
1106 727 1111 775 Ι
1138 728 1257 775 lapsis
1279 729 1374 765 fides
1395 728 1613 765 revertitur.

369 804 506 844 Immo
537 804 775 859 trisyllabae
806 802 1070 844 asson-antiae
1099 802 1285 843 finientis
1312 817 1389 843 nec
1418 818 1504 843 non
1525 803 1685 844 mediae
1707 812 1807 844 sunt

257 875 449 927 exempla
469 875 536 914 vel
556 875 748 928 vestigia,
773 888 808 914 e.
835 888 896 927 gr.
922 873 967 913 in
989 872 1127 926 quarti
1149 874 1332 913 secunda
1354 873 1545 927 stropha:

371 958 461 993 Non
484 970 531 992 ex
551 956 651 992 virili
677 955 682 1003 l
711 955 860 1000 semine,
890 951 902 1007 H
926 956 994 991 sed
1015 955 1176 1003 mystico
1204 953 1209 1002 l
1238 954 1441 1003 spiramine

373 1022 376 1074 ᾗ
400 1024 573 1061 Verbum
594 1023 656 1060 dei
683 1024 688 1072 Ι
715 1024 859 1060 factum
880 1036 966 1059 caro
989 1019 1002 1075 H
1050 1023 1055 1071 Ι
1082 1023 1308 1070 fructusque
1336 1018 1339 1073 ἱ
1368 1022 1510 1059 ventris
1538 1023 1543 1072 Ι
1570 1023 1712 1060 floruit.

372 1100 425 1139 In
448 1099 587 1153 quinti
608 1099 757 1153 hymni
779 1106 918 1139 sexta:

402 1182 464 1218 Sic
493 1178 496 1233 ί
525 1182 695 1230 quinque
716 1181 886 1217 millibus
908 1181 997 1217 viris
1021 1177 1033 1232 ss
1057 1181 1148 1217 dum
1176 1177 1179 1232 l
1208 1180 1378 1228 quinque
1400 1193 1519 1228 panes
1541 1181 1690 1225 dividis,

400 1249 606 1286 Edentium
628 1250 698 1285 sub
721 1249 889 1285 dentibus
913 1244 924 1301 [1
948 1250 987 1284 in
1009 1262 1072 1285 ore
1101 1245 1104 1300 Ι
1133 1249 1327 1285 crescebat
1354 1244 1357 1283 l
1386 1247 1503 1284 cibus.

373 1325 427 1364 In
449 1324 618 1379 septimi
641 1325 762 1365 tertia
783 1332 824 1365 et
846 1331 993 1377 quarta
1015 1324 1206 1378 stropha:

405 1410 408 1456 l
443 1408 545 1444 Votis
574 1403 578 1459 l
606 1420 777 1443 vocemus
800 1412 838 1443 et
857 1411 1012 1455 patrem,
1043 1402 1055 1458 {l
1104 1403 1108 1459 Ι
1134 1412 1278 1454 patrem
1304 1405 1309 1454 1
1336 1406 1510 1454 perennis
1533 1405 1689 1453 gloriae,

405 1472 408 1526 1
433 1477 582 1511 Patrem
610 1470 614 1524 l
640 1474 804 1522 potentis
826 1475 982 1522 gratiae,
1012 1469 1024 1526 l}
1049 1474 1202 1522 culpam
1222 1474 1393 1525 resleget
1419 1469 1423 1525 ι
1451 1474 1650 1510 lubricam.

405 1539 409 1593 l
432 1542 620 1578 Informet
647 1540 652 1588 ἱ
679 1546 787 1577 actus
811 1547 996 1585 strenuos,
1026 1537 1038 1592 ΙΙ
1063 1542 1192 1577 dentes
1214 1541 1390 1577 retundat
1411 1541 1544 1586 invidi,

406 1612 529 1647 Casus
553 1610 735 1646 secundet
756 1621 926 1658 asperos,
956 1605 968 1661 Η
992 1610 1105 1645 donet
1132 1604 1136 1660 l
1164 1608 1316 1657 gerendi
1342 1605 1347 1659 Ι
1375 1608 1549 1656 gratiam.

376 1701 430 1740 In
458 1700 523 1740 his
553 1707 716 1754 praeter
747 1699 922 1739 formam
943 1707 1159 1739 externam
1180 1696 1441 1751 incognitam
1460 1696 1594 1750 po'etis
1617 1696 1811 1738 classicae

262 1770 484 1811 vetustatis
514 1778 555 1810 et
583 1770 847 1824 peregrinam
877 1776 1001 1818 certe,
1028 1783 1134 1822 quae
1165 1769 1282 1809 adest
1311 1767 1426 1807 haud
1456 1766 1596 1815 dubie,
1622 1767 1812 1820 quamvis

262 1848 311 1882 ut
341 1840 538 1881 additicia
566 1841 662 1894 plus
694 1840 761 1880 vel
790 1839 931 1879 minus
954 1840 1186 1887 observata,
1211 1837 1451 1878 dominatur
1475 1837 1610 1877 adhuc
1631 1845 1814 1878 metrum

262 1911 446 1952 latinum
475 1918 516 1951 et
547 1911 801 1965 syllabarum
828 1909 1058 1963 quantitas.
1103 1909 1187 1949 Sed
1216 1907 1350 1961 magis
1382 1907 1617 1947 inauditam
1638 1907 1813 1948 formam

264 1983 407 2031 offert,
441 1996 593 2021 novam
631 1980 751 2034 quasi
791 1987 943 2020 terram
973 1979 1107 2032 aperit
1135 1991 1376 2030 novumque
1405 1992 1555 2017 aevum
1585 1979 1813 2019 annuntiat

262 2053 451 2108 psalmus
474 2051 740 2092 abecedarius
764 2051 808 2091 S.
833 2049 1065 2103 Augustini
1087 2047 1271 2102 episcopi
1292 2047 1584 2100 Hipponensis
1606 2048 1650 2087 in
1672 2049 1813 2089 Africa

265 2123 386 2175 (obiit
408 2138 445 2163 a.
469 2125 584 2174 430),
606 2123 678 2162 sed
700 2121 772 2175 qui
792 2135 866 2174 per
885 2120 1027 2174 plures
1049 2133 1180 2159 annos
1198 2117 1431 2158 Mediolani
1452 2117 1701 2158 rhetoricam
1720 2134 1813 2173 pro-

263 2196 474 2235 fitebatur.
512 2194 669 2233 Contra
690 2190 934 2231 Donatistas
956 2189 1088 2243 ipsius
1110 2187 1339 2228 humillimi
1360 2187 1478 2241 vulgi
1498 2202 1637 2237 causa,
1658 2196 1706 2228 ut
1726 2189 1814 2242 ipse

264 2265 381 2315 dicit,
409 2264 588 2318 scriptus
612 2269 673 2303 est
695 2262 896 2316 psalmus.
941 2261 994 2300 In
1015 2260 1094 2299 hoc
1116 2273 1239 2299 omne
1259 2266 1441 2299 metrum
1462 2266 1503 2298 et
1524 2264 1659 2298 omnis
1682 2274 1813 2312 quan—

264 2336 362 2376 titas
393 2335 665 2382 desideratur,
691 2334 808 2373 adest
836 2329 1007 2370 nonnisi
1037 2329 1278 2370 assonantia
1309 2343 1406 2369 cum
1426 2336 1537 2369 certo
1559 2329 1815 2382 syllabarum

264 2420 455 2446 numero.
469 2405 489 2425 ἦ
521 2404 670 2448 Quivis
687 2417 830 2443 versus
846 2401 947 2442 bina
962 2400 1148 2441 membra
1164 2399 1367 2449 continet,
1389 2398 1563 2454 quodvis
1580 2400 1814 2439 membrum

357 2580 374 2597 ¹¹²
393 2579 615 2625 Syllabarum
630 2583 746 2611 certus
764 2588 932 2611 numerus
950 2588 1013 2622 per
1031 2587 1067 2609 se
1079 2575 1153 2620 jam
1172 2574 1267 2619 apud
1284 2574 1394 2607 Indos
1413 2573 1589 2618 generalis
1606 2573 1719 2606 forma
1732 2575 1814 2617 poe-

265 2637 336 2671 tica
364 2642 427 2677 est,
450 2635 610 2681 quamvis
637 2634 673 2667 in
700 2645 821 2667 eorum
845 2638 988 2667 vetusta
1012 2631 1138 2676 lingua
1155 2630 1365 2675 quantitatis
1384 2630 1439 2664 vel
1456 2630 1635 2663 vocalium
1653 2629 1814 2663 brevium

267 2699 301 2727 et
318 2694 507 2737 longarum
526 2692 570 2725 sit
588 2691 743 2736 perfecta
762 2689 957 2723 distinctio.
985 2689 1136 2722 Versum
1155 2687 1260 2720 etiam
1279 2686 1374 2731 apud
1392 2686 1456 2719 hos
1476 2686 1546 2720 duo
1561 2686 1717 2719 membra
1732 2697 1814 2718 con-

265 2750 432 2789 stituunt,
463 2748 534 2781 duo
557 2758 680 2781 versus
705 2746 896 2786 distichon,
919 2745 1015 2790 quod
1042 2744 1167 2778 dicunt
1191 2744 1333 2776 slocum.
1369 2742 1500 2775 Versus
1527 2742 1648 2787 epicus
1675 2741 1816 2774 brevior

265 2805 390 2838 ceteris
417 2809 452 2838 et
475 2803 741 2844 usitatissimus,
764 2814 834 2847 quo
860 2802 1054 2835 carminum
1081 2800 1261 2846 epicorum
1286 2799 1412 2844 ingens
1442 2799 1552 2833 moles
1580 2797 1754 2837 decurrit,
1776 2797 1813 2830 in

264 2860 389 2905 quovis
415 2860 572 2893 membro
599 2865 679 2893 octo
706 2858 857 2904 syllabas
884 2858 1061 2903 postulat3
1091 2857 1211 2902 plures
1234 2856 1271 2889 in
1297 2856 1376 2890 aliis
1401 2856 1595 2890 carminum
1621 2853 1812 2900 generibus

263 2928 474 2962 componere
499 2918 615 2951 solent
641 2919 766 2961 poetae
791 2927 855 2960 pro
881 2914 1026 2948 arbitrio
1052 2925 1116 2948 suo
1140 2913 1361 2959 plerumque,
1383 2924 1413 2946 e.
1433 2924 1487 2957 gr.
1508 2910 1747 2946 Bhartriharis
1774 2909 1811 2943 in
