1920 3220
248 187 330 225 910
553 185 632 225 VI.
662 188 698 223 1.
739 197 1033 225 CONSTRUCTIO
1055 198 1188 224 VERBI
1212 198 1488 226 BRITANNICI.

249 298 472 353 praeterito
503 297 750 338 secundario
778 310 880 337 usus
911 296 1205 337 conditionalis
1237 299 1304 349 (ut
1333 296 1378 336 in
1409 296 1624 337 hibernica
1653 297 1801 352 lingua

249 370 477 418 interdum,
497 382 540 421 p.
564 370 685 420 896):
702 366 780 420 pei
797 382 853 408 ml
875 366 940 407 bez·
959 367 1086 408 dreclt
1107 382 1182 407 noc
1203 367 1256 421 ef
1268 381 1345 421 mys
1368 367 1493 421 dyyei
1508 373 1634 421 ymen
1649 382 1676 421 y
1694 368 1803 408 cneii

251 440 305 494 ef
327 439 380 491 (si
415 453 502 478 non
537 438 686 478 fuisset
721 437 865 478 fortior
901 452 963 487 eo,
999 452 1085 477 non
1116 437 1359 477 abstulisset
1389 437 1574 477 animam
1602 437 1716 491 ejus3
1750 439 1800 478 de

250 509 415 550 actione
431 509 521 563 jam
542 508 740 562 perfecta,
761 509 812 548 ad
834 509 1031 548 verbum:
1059 507 1093 548 si
1115 522 1202 547 non
1218 514 1340 556 esset,
1359 522 1444 547 non
1462 507 1660 559 auferret)
1680 509 1796 548 Mab.

255 585 291 629 1,
320 583 386 619 20.
412 579 539 631 cephei
557 579 740 632 menelai
762 578 795 619 ti
813 578 1026 633 qulzyqor
1046 593 1101 633 7²3!
1124 576 1357 632 cleyhyrdei
1376 576 1668 631 aqyleyrdczzcd
1686 593 1707 617 0
1725 593 1800 631 gya-

251 649 337 690 ledi
365 649 458 690 atlei
478 648 531 700 (si
560 649 727 689 fecisses
749 649 973 689 consilium
993 662 1149 696 meum,
1174 661 1260 687 non
1282 647 1498 686 accidisset
1519 649 1629 700 quod
1651 648 1802 688 accidit

250 719 512 760 difficultatis
551 718 644 771 tibi)
676 721 713 767 2,
742 723 808 759 61.
850 724 891 759 ot
918 717 1063 758 archei
1091 717 1224 758 ereint
1249 717 1360 757 idaw
1382 716 1553 769 pez‘daw
1582 732 1632 756 ar
1658 732 1801 771 qwccre

250 789 427 830 hwnnw.
456 790 509 844 ef
531 789 694 830 abeidez'
721 789 818 843 syth
846 789 1057 844 ynllawen
1087 803 1137 828 ao
1165 788 1217 842 ef
1231 787 1285 839 (si
1315 786 1516 826 oravisset
1537 787 1592 827 G.
1619 801 1729 836 eum,
1755 796 1803 827 ut

249 860 468 901 desisteret
499 874 522 899 a
552 860 652 899 ludo
683 859 775 908 hoc,
802 859 891 912 ipse
922 858 1150 899 destitisset
1172 864 1280 897 certe
1301 857 1480 897 libenter
1501 858 1552 897 ab
1575 859 1640 910 eo)
1665 861 1703 906 2,
1731 862 1797 897 63.

251 931 483 983 Utriusque
523 929 721 983 temporis
765 929 920 969 formae
951 929 1054 968 adeo
1085 927 1346 982 promiscuae
1382 928 1604 981 leguntur:
1636 928 1709 980 pei
1737 943 1802 968 as-

245 1001 697 1055 qorchymmymmssnt
711 1000 941 1054 nysqadwn
954 998 1007 1051 (si
1018 998 1229 1051 jussisses,
1245 1013 1331 1038 non
1345 997 1660 1051 concessissem)
1675 1003 1713 1047 ζ),
1731 1003 1750 1037 4
1760 1003 1781 1038 8
1791 1030 1799 1038 .

251 1072 409 1112 Contra
431 1070 593 1111 cornice
615 1070 769 1110 formae
791 1069 1005 1124 praeteriti
1027 1069 1265 1109 secundarii
1285 1075 1505 1122 ponuntur
1524 1068 1570 1108 in
1592 1067 1801 1122 significa-

251 1142 365 1182 tione
386 1141 617 1195 praesentis
640 1140 875 1181 secundarii
898 1139 1025 1180 trium
1045 1140 1280 1188 modorum,
1301 1147 1349 1179 ut
1371 1139 1562 1192 exempla
1577 1138 1698 1192 plura
1714 1138 1804 1191 jam

249 1212 294 1251 in
315 1213 440 1252 verbo
461 1211 673 1265 proposita
695 1212 924 1250 ostendunt
947 1212 1006 1263 (p.
1035 1212 1150 1262 512).

364 1281 610 1322 Infinitivus
633 1281 760 1321 etiam
776 1280 1002 1320 britannici
1018 1280 1148 1329 verbi,
1168 1287 1217 1319 ut
1233 1279 1452 1328 hibernici,
1474 1286 1668 1318 naturam
1686 1293 1803 1332 prae—

250 1353 459 1393 valentem
492 1351 746 1392 substantivi
775 1366 873 1405 prae
895 1365 937 1391 se
959 1350 1037 1390 fert
1058 1350 1253 1404 praefixis
1275 1350 1512 1403 frequenter
1533 1348 1803 1403 praepositio-

250 1422 391 1471 nibus,
417 1437 453 1462 e.
479 1437 541 1476 gr.
564 1422 726 1476 qwecly,
753 1421 842 1470 heb,
868 1436 942 1461 rac
963 1428 1042 1461 etc.
1069 1421 1139 1472 (cf.
1164 1436 1207 1474 p⁷
1236 1424 1330 1460 642.
1360 1424 1455 1459 643.
1483 1423 1599 1472 699).

365 1493 474 1533 Cum
505 1492 628 1532 certis
661 1492 914 1545 quibusdam
943 1490 1344 1545 praepositionibus,
1380 1505 1416 1530 e.
1441 1505 1503 1544 gr.
1539 1491 1694 1530 cambr.
1729 1504 1801 1544 yn,

251 1577 365 1602 corn.
392 1577 466 1611 020,
492 1577 642 1602 arlnor.
668 1577 758 1611 ozcz,
784 1562 1020 1602 infinitivus
1053 1561 1203 1602 transit
1233 1561 1277 1600 in
1305 1560 1656 1613 significationem
1676 1559 1803 1613 parti-

252 1633 351 1686 cipii
381 1633 612 1686 praesentis
646 1633 716 1685 (cf.
757 1633 920 1672 hibern.
954 1647 1022 1681 oc,
1056 1647 1097 1686 p.
1126 1636 1175 1671 89
1186 1637 1240 1684 7).
1287 1632 1353 1671 Ob
1389 1645 1655 1670 communem
1691 1630 1805 1668 hunc

252 1718 377 1743 usum
398 1703 442 1742 in
465 1703 652 1743 dialectis
673 1703 920 1743 britannicis
943 1702 1032 1756 ejus
1055 1702 1246 1755 exempla
1262 1702 1352 1756 jam
1372 1702 1416 1741 in
1439 1701 1574 1755 capite
1596 1702 1646 1740 de
1664 1699 1805 1740 formis

252 1773 367 1813 verbi
389 1781 632 1814 enumerata
654 1782 754 1815 sunt
776 1777 836 1828 (p.
865 1776 979 1826 522).

690 2146 919 2192 CAPUT
967 2146 1363 2191 SECUNDUM.

546 2282 620 2326 De
641 2281 996 2327 constructione
1022 2280 1241 2342 poeticae
1268 2280 1513 2326 orationis.

370 2415 469 2455 Non
506 2415 720 2454 communi
758 2415 929 2468 linguae
960 2414 1108 2454 habitu
1138 2413 1325 2467 procedit
1354 2413 1516 2467 poetica
1547 2409 1702 2458 oratio,
1736 2409 1808 2448 sed

258 2485 427 2539 propria
456 2485 589 2525 forma
617 2484 767 2525 induta
796 2493 843 2525 ut
871 2492 985 2524 veste
1016 2483 1179 2524 festiva.
1224 2483 1437 2523 Differunt
1458 2480 1604 2537 populi
1626 2480 1669 2519 in
1691 2493 1808 2518 exor-

259 2556 399 2595 nanda
429 2555 520 2604 hac,
547 2554 644 2608 quia
676 2555 829 2595 diversi
860 2561 960 2594 sunt
988 2554 1102 2594 modi
1132 2554 1283 2607 quibus
1314 2553 1471 2606 ligatur
1492 2550 1637 2591 oratio.
1682 2549 1809 2603 Apud

260 2627 463 2679 quosdam
488 2625 601 2665 enim
621 2625 775 2678 prodiit
797 2625 966 2665 habitus
989 2624 1187 2664 orationis
1210 2624 1362 2677 ligatae
1384 2637 1405 2662 e
1427 2621 1663 2675 quantitate
1686 2620 1809 2673 sylla-

257 2697 429 2744 barum,
463 2697 575 2749 apud
605 2695 707 2735 alios
737 2708 758 2734 e
784 2694 1058 2747 congruentia
1080 2709 1291 2742 sonorum,
1318 2694 1419 2733 dum
1442 2692 1514 2732 alii
1535 2706 1611 2732 nec
1633 2691 1710 2730 hoc
1732 2704 1809 2729 nec

259 2767 330 2805 illo
360 2767 483 2806 modo
513 2772 680 2806 utentes
702 2765 891 2805 contenti
913 2772 1012 2804 sunt
1033 2764 1122 2818 pari
1145 2764 1401 2818 syllabarum
1422 2777 1596 2803 numero
1618 2762 1663 2801 in
1685 2759 1811 2800 versi—

259 2837 352 2883 bus,
378 2844 426 2875 ut
448 2836 561 2885 Indi,
587 2836 653 2875 vel
685 2835 991 2875 sententiarum
1022 2836 1203 2888 quadani
1225 2834 1491 2887 aequalitate,
1518 2847 1643 2887 quam
1666 2831 1812 2871 dicunt

259 2907 604 2959 parallelismum,
626 2913 673 2946 ut
695 2906 894 2946 Hebraei.
932 2905 1001 2945 Illi
1025 2905 1334 2946 constituerunt
1357 2904 1584 2945 orationem
1607 2901 1811 2955 poeticam
