1920 3220
285 179 338 218 Υ.
369 183 404 216 1.
451 189 692 217 DERH'ATIO
714 189 895 217 GALLICA
919 191 971 217 ET
996 191 1239 217 HIBERNICA
1262 190 1484 217 TENUIUM.
1579 177 1658 215 759

111 292 269 331 Forsan
300 289 427 329 etiam
456 289 654 328 Induitus
678 289 747 339 (cf.
774 288 1090 328 Indutiomarus
1120 303 1162 341 p.
1194 293 1258 336 19,
1283 296 1391 337 1101.,
1417 295 1457 328 et
1488 288 1651 328 hibern.

109 368 192 400 vet.
219 360 328 407 inne,
350 358 542 410 sensus'?)
565 359 697 398 Inscr.
721 358 854 398 Stein.
879 361 973 396 315.
1010 358 1118 397 ITI:
1146 358 1338 410 Togitius
1362 359 1493 397 Inscr.
1516 358 1650 398 Stein.

110 434 204 468 324.
231 428 475 468 Domnitius
499 428 643 468 Sidon.
669 427 790 480 epist.
815 432 853 475 4,
877 430 924 474 2;
950 427 994 465 111
1016 427 1240 479 multiplici
1263 428 1541 468 derivatione:
1569 428 1654 468 (io-

106 499 288 546 banitio,
321 498 555 538 Divitiaeus
585 498 725 545 Caes„
761 496 938 537 Bilition
967 496 1094 548 Greg.
1131 497 1232 535 Tur.
1267 499 1326 550 (p.
1358 500 1470 549 725).
1524 498 1649 538 I'l'U:

107 567 297 608 Ambitui
329 569 444 620 (pop.
480 567 602 619 gall.)
627 567 738 606 Plin.
784 567 883 606 OT:
918 565 1151 619 Lugotorix
1180 567 1318 614 Caes„
1354 567 1654 606 Dumnotonus

108 638 249 689 (fluv.)
267 638 428 676 Auson.
445 635 566 688 epist.
583 641 620 674 5.
656 637 756 676 L’T:
783 637 990 675 Carnutes
1009 637 1128 675 Caes.
1150 636 1339 675 Namuta
1357 636 1551 676 Minutae
1568 637 1655 676 filia

107 706 304 759 Inscript.
331 706 480 757 (Mem.
513 706 584 745 des
606 705 752 759 Antiq.
779 707 829 745 de
852 706 1010 745 France
1037 710 1101 754 16,
1131 708 1243 759 139).
1288 707 1511 745 Buxutum
1533 706 1649 757 (hod.

104 778 258 827 Bossu)
281 777 375 815 Act.
404 776 481 815 SS.
507 775 617 815 Boll.
645 776 738 816 Oct.
767 781 805 824 4,
837 779 956 815 1032.
986 776 1150 815 Mabill.
1178 790 1283 815 saec.
1312 780 1350 825 2,
1379 780 1474 815 865.
1522 777 1648 816 UTI:

106 846 317 886 Venutius
342 845 609 896 (Britannus)
633 845 766 885 Tacit.
790 847 905 885 Ann.
936 848 1000 893 12,
1032 849 1095 894 12,
1123 850 1190 885 40.
1217 845 1334 885 Η181.
1363 850 1401 894 3,
1429 851 1496 885 45.

219 918 256 967 c)
288 916 397 955 Cum
418 915 629 954 vocalibus
652 915 879 968 productis.
923 900 1019 955 AT:
1048 916 1246 955 Teutates
1270 916 1511 967 (Gallorum
1533 918 1654 969 deus)

107 986 266 1025 Lucan.
298 989 332 1033 1,
360 990 456 1024 445.
500 984 676 1024 Nomini
707 984 858 1024 herbae
887 985 1038 1038 gallico
1059 983 1418 1040 ταρβηλοὸάθιον
1439 1001 1505 1041 ap.
1531 987 1653 1027 Dios-

105 1055 285 1094 coridem
307 1069 431 1107 supra
451 1056 510 1108 (p.
534 1059 600 1094 89.
624 1057 694 1107 90)
714 1055 979 1108 suppositum
1001 1062 1061 1094 est
1084 1053 1446 1109 ταρβοταβάτιον,
1467 1072 1650 1110 compos.

104 1139 125 1163 e.
157 1125 284 1172 tabat,
320 1125 473 1163 cambr.
510 1124 608 1163 hod.
643 1124 808 1177 tafczwd
836 1124 1035 1177 (lingua).
1080 1112 1169 1173 ET,
1195 1111 1272 1174 ῘΤ,
1298 1111 1378 1166 ij
1407 1126 1452 1165 in
1483 1141 1653 1166 enume-

103 1194 202 1233 ratis
234 1193 435 1247 exemplis
466 1193 675 1246 aliquibus
707 1201 906 1246 poterunt
938 1194 1094 1247 quaeri,
1121 1196 1193 1234 sed
1213 1195 1258 1234 in
1281 1195 1447 1248 quibus,
1470 1196 1540 1235 vix
1562 1212 1653 1236 eru-

104 1265 261 1303 endum
291 1263 382 1303 erit.
427 1264 556 1316 Apud
578 1263 870 1303 Ptolemaeum
902 1264 1070 1317 scriptio
1099 1281 1175 1320 -ητ
1201 1265 1423 1305 nominum
1451 1266 1653 1306 derivato-

103 1348 211 1381 rum,
245 1347 280 1373 e.
305 1347 367 1386 gr.
392 1334 610 1388 Λημῆται,
642 1335 864 1389 Νεμῆται,
889 1341 1082 1387 suspecta
1113 1349 1201 1375 esse
1232 1336 1369 1384 debet,
1395 1350 1527 1389 quum
1557 1337 1654 1389 quia

101 1404 214 1456 apud
249 1410 434 1442 vetustos
466 1403 577 1456 ipsos
606 1403 732 1443 etiam
761 1418 842 1443 -ετ
871 1403 992 1443 obvia
1023 1411 1106 1453 est,
1141 1412 1189 1444 ut
1218 1407 1331 1459 apud
1362 1406 1654 1446 Ptolemaeum

101 1473 240 1526 ipsum
268 1467 698 1526 Affyovozove'gcevov,
724 1474 837 1526 apud
862 1473 1111 1513 Strabonem
1131 1471 1444 1529 Δρυναίμετον,
1470 1483 1511 1516 et
1540 1477 1653 1529 apud

103 1543 325 1582 Julianum
363 1541 579 1594 Χέμετες,
631 1551 722 1583 111111
756 1543 1000 1596 praesertim
1035 1545 1147 1597 quod
1183 1544 1442 1584 britannicae
1483 1545 1653 1598 linguae

102 1612 268 1652 dialecti
290 1613 495 1652 cambrica
517 1620 557 1652 et
580 1612 781 1653 armorica
802 1612 846 1653 in
867 1613 1109 1653 nominibus
1130 1614 1290 1662 AVmet,
1316 1615 1482 1663 Nemet,
1506 1615 1655 1656 D2'met

101 1684 160 1736 (p.
191 1686 284 1720 100.
315 1685 411 1734 102)
444 1683 616 1723 nonnisi
654 1683 840 1722 vocalem
869 1691 1102 1736 correptam
1133 1683 1347 1723 exhibent.
1402 1685 1501 1724 Non
1532 1685 1653 1724 aliter

95 1752 376 1804 judicandum
406 1753 456 1791 de
485 1752 577 1792 aliis
606 1752 829 1806 ejusmodi:
865 1751 1082 1807 Καλῇται,
1113 1755 1343 1808 Ncqmvjwz.
1368 1754 1550 1805 (Galliae
1580 1769 1652 1808 po-

99 1821 207 1874 puli)
244 1821 379 1870 Ptol.,
415 1819 616 1876 Σοῦὂητα
655 1817 731 1877 ὄρη
765 1822 837 1873 (31.
871 1819 1084 1874 Σούὸιτα)
1116 1823 1256 1872 Ρ101.,
1297 1821 1501 1879 Γάβρητα
1534 1821 1650 1880 (ἴλη)

100 1891 238 1931 Strab.
273 1892 403 1939 Ptol.5
428 1886 669 1947 Ἐλοτήτιοι
699 1892 810 1932 Ρ101.
838 1892 953 1931 Ρ1111.
978 1892 1062 1932 Dio
1093 1893 1229 1942 Cass„
1256 1895 1369 1946 apud
1401 1894 1652 1934 Strabonem

98 1960 201 2000 mire
221 1955 502 2016 Ἐλοτήττιοι.
546 1961 756 2001 Convenit
785 1975 881 2000 culn
912 1961 1206 2002 terminatione
1235 1963 1313 2003 hac
1335 1963 1551 2004 hibernica
1572 1965 1649 2004 fre-

98 2030 373 2083 quentissima
402 2030 704 2084 adjectivorum
726 2030 825 2080 -the,
854 2032 937 2080 -cle,
963 2039 1060 2072 ante
1089 2047 1216 2086 quam
1243 2034 1406 2074 vocales
1439 2043 1650 2088 correptae

102 2100 226 2140 elisae
249 2108 362 2140 sunt.

213 2170 257 2222 d)
289 2170 539 2212 Accedentis
573 2178 589 2212 t
617 2186 713 2212 eum
745 2170 1020 2224 diphthongis
1049 2171 1134 2211 sive
1163 2173 1401 2226 geminatae
1423 2173 1650 2214 derivantis

99 2240 289 2293 exempla
320 2255 407 2281 non
435 2241 556 2281 obvia
586 2248 708 2282 sunt:
743 2255 791 2280 eo
822 2239 1105 2293 frequentiora
1136 2243 1404 2284 derivationis
1437 2258 1650 2285 connexae

99 2309 201 2356 NT3
227 2316 409 2363 suntque
432 2310 559 2350 etiam
580 2310 859 2351 derivantium
884 2310 967 2359 ST,
994 2311 1082 2350 CT.

211 2379 293 2419 NT
315 2379 587 2433 praemittens
609 2380 770 2420 vocales
794 2386 1002 2433 correptas
1024 2395 1183 2420 omnes.
1223 2382 1305 2422 AN
1311 2384 1369 2422 T:
1395 2382 1648 2425 Νοουάνται

99 2451 214 2502 (pop.
249 2449 378 2501 Brit.)
411 2449 522 2489 Ptol.
562 2449 842 2490 Trinobantes
885 2449 1050 2501 (Brit.)
1083 2450 1204 2490 Caes.
1244 2452 1468 2506 Brigantes
1499 2455 1647 2507 (Brit.)

99 2519 210 2558 Ptol.
237 2519 336 2558 Tac.
361 2516 580 2558 Δεκάνται
605 2522 720 2573 (pop.
745 2518 895 2571 Brit),
922 2517 1284 2573 Γαβραντοι·“ί“κων
1306 2520 1510 2574 (κόλπος,
1535 2524 1642 2564 Brit.

100 2587 258 2639 sinus),
284 2586 642 2643 Καρβαντόριγον
665 2588 824 2642 (oppid.
850 2587 980 2640 Brit.)
1004 2589 1115 2629 Ptol.
1160 2590 1320 2631 Eadem
1347 2592 1392 2632 in
1421 2593 1553 2632 mixta
1583 2594 1647 2633 vel

101 2657 326 2710 multiplici
343 2658 598 2699 derivatione
613 2673 620 2697 :
638 2659 920 2698 Meduantum
934 2659 1003 2711 (ad
1021 2660 1209 2707 Mosam3
1231 2661 1282 2701 cf.
1299 2663 1526 2702 Medoacus
1543 2663 1644 2703 fluv.

100 2726 198 2766 Ital.
231 2729 392 2779 super.)
416 2728 519 2768 Tab.
545 2729 596 2768 P.
628 2724 874 2782 Σεγαντίων
901 2726 1070 2784 (λιμήν,
1103 2737 1210 2783 port.
1244 2730 1373 2783 Brit.)
1397 2732 1509 2771 Ptol.
1555 2734 1647 2773 Bri-

97 2795 257 2848 gantia,
282 2795 397 2835 lacus
419 2797 695 2850 Brigantinus
718 2799 882 2850 (Raet.)
906 2798 1019 2838 Plin.
1046 2799 1148 2839 Itin.
1184 2800 1422 2849 Carantius,
1449 2802 1645 2843 Carantia

98 2865 296 2918 Inscript.
324 2865 449 2906 Grut.
479 2870 601 2915 1038,
629 2872 667 2906 9.
695 2868 828 2907 Stein.
859 2872 923 2907 72.
956 2872 1047 2907 128.
1092 2868 1362 2909 Carantinius
1386 2870 1520 2911 Stein.
1549 2876 1643 2912 338.
