1920 3220
280 187 362 228 686
612 189 690 229 IV.
718 193 756 228 3.
801 201 1153 230 CONJUNCTIONES
1175 202 1487 228 BRITANNICAE.

392 300 606 341 Particula
633 302 779 340 eadem
810 301 979 355 copulat
1007 301 1071 341 bis
1092 301 1159 341 vel
1181 300 1346 353 saepius
1366 298 1516 353 posita,
1542 299 1644 338 dum
1664 298 1823 353 disjun-

277 371 340 425 git
360 371 566 425 particula
584 371 676 419 ΑΕ,
703 385 879 424 quarum
900 371 978 410 hoc
999 371 1089 410 loco
1112 370 1254 410 statim
1274 369 1466 409 consocio
1487 369 1692 421 exempla.

390 441 465 480 AC
488 465 542 469 ——
561 441 651 490 AC,
678 441 718 480 A
738 465 789 470 ——-
812 441 851 480 A
873 442 932 493 (et
955 465 1003 471 —
1028 447 1091 490 et,
1117 448 1204 480 tam
1225 464 1280 470 —
1302 441 1471 493 quam):
1505 437 1824 492 quassanaetk

276 525 405 565 yorezb
437 510 628 564 aallwyfi
654 509 715 549 mi
741 525 790 550 αθ
816 511 973 564 yzcncff
994 526 1043 550 αθ
1072 511 1182 550 idaw
1205 525 1254 550 αθ
1273 525 1300 564 3]
1322 509 1454 549 warch
1476 507 1695 560 (servitum
1717 507 1823 560 opti-

277 595 394 620 mum
424 594 548 633 quem
576 594 749 634 possum
775 580 925 620 faciam
956 587 996 620 et
1017 580 1098 633 ipsi
1119 586 1160 619 et
1181 580 1270 633 ejus
1292 581 1416 632 equo)
1440 579 1555 618 Mab.
1583 580 1620 626 2,
1652 582 1716 616 13.
1749 578 1823 631 dy-

272 650 465 703 ywydaw
503 650 808 704 awnaethpwyt
833 664 918 704 yma
947 664 1092 704 (φα-ψ·
1119 649 1265 689 achwn
1293 663 1438 689 arnam
1468 648 1694 701 (incurrere
1715 646 1825 699 jussi

278 727 379 759 tunc
411 727 498 759 tam
525 719 604 759 viri
632 734 759 773 quam
787 734 909 760 canes
941 720 986 759 in
1008 735 1118 768 eum,
1146 720 1312 772 aprum)
1338 722 1375 768 2,
1404 723 1499 758 244.
1545 719 1654 758 Cum
1674 730 1823 770 prono-

277 789 391 829 mine
421 790 653 843 possessivo
684 794 721 829 3.
746 804 810 842 ps.
837 805 885 829 ae
906 815 960 820 —
981 805 1056 829 αθ.·
1090 804 1184 829 mezo
1208 788 1377 842 ywv'clon
1406 788 1514 828 eneit
1533 787 1666 842 yssycl
1681 800 1780 841 yma
1802 800 1823 824 o

276 859 458 899 widonot
485 860 685 913 kaeloyw.
711 875 760 899 αθ
792 865 853 899 tat
882 874 931 899 αθ
951 873 1062 899 mam
1079 864 1156 913 yyt
1176 873 1225 898 αθ
1245 864 1358 912 wynt
1380 860 1548 910 (novem
1570 856 1732 909 striges,
1758 870 1822 895 ca-

276 929 452 977 rissime,
479 937 578 969 sunt
609 929 677 968 hic
708 943 730 968 e
760 929 958 982 strigibus
982 928 1296 977 Calevensibus,
1323 942 1548 980 earumque
1580 933 1622 966 et
1644 933 1763 979 pater
1784 932 1825 965 et

275 1006 408 1038 mater
438 1013 523 1038 una
552 1013 648 1038 cum
671 998 748 1051 eis)
772 1000 888 1038 Mab.
918 1003 953 1047 1,
982 1002 1077 1038 256.
1122 1000 1203 1038 Per
1223 999 1515 1051 pleonasmum
1537 1012 1585 1036 αθ
1609 1021 1659 1026 -—
1681 1011 1730 1035 αθ
1751 1010 1822 1035 αθ.·

276 1083 441 1122 aqouyn
469 1083 596 1109 αοναθ
627 1069 691 1109 idi
715 1084 763 1108 αθ
793 1068 888 1108 laihi
916 1069 993 1108 oecl
1009 1083 1067 1122 yn
1089 1068 1192 1108 dodi
1209 1069 1390 1122 ydannw
1409 1067 1604 1122 ymadaw
1627 1081 1675 1106 αθ
1698 1065 1825 1120 Zwytlc

276 1152 325 1177 αθ
357 1153 405 1177 αθ
433 1138 555 1178 m‘aer
577 1141 637 1191 (et
666 1153 861 1192 quaerere
890 1153 942 1178 ex
963 1153 1024 1187 ea,
1049 1153 1155 1178 num
1175 1138 1265 1192 ipsa
1287 1152 1384 1177 eum
1405 1137 1569 1177 fecisset
1590 1137 1824 1189 relinquere

276 1215 363 1247 tam
383 1209 589 1261 populum
609 1223 735 1248 suum
757 1223 883 1262 quam
904 1208 1151 1259 exercitum)
1177 1212 1215 1257 2,
1244 1213 1309 1247 34.

388 1279 465 1318 AE
490 1303 539 1307 —
557 1279 634 1317 ΑΕ
653 1280 744 1329 (aut
771 1304 812 1308 —
831 1282 921 1330 aut)
937 1294 944 1317 ε
969 1294 996 1333 3]
1014 1278 1240 1332 lcafficyfy
1259 1292 1389 1317 αναθῑι
1407 1293 1456 1317 αθ
1473 1292 1522 1317 θα
1539 1276 1694 1330 benffic
1710 1291 1757 1315 αθ
1775 1290 1824 1315 αν

275 1349 429 1403 wystyl
448 1350 629 1401 (sumam
651 1363 765 1388 arma
784 1356 856 1388 aut
872 1355 1066 1388 mutuata
1083 1355 1155 1387 aut
1172 1348 1217 1386 in
1233 1347 1406 1401 pignus)
1426 1348 1541 1387 Mab.
1565 1351 1604 1396 2,
1630 1351 1694 1385 11.
1722 1345 1823 1386 tebic

274 1433 340 1472 yw
372 1419 543 1472 yennyf
564 1418 742 1458 nacloeth
772 1418 989 1472 yzcrthzmt
1014 1417 1088 1457 heb
1120 1418 1195 1457 lad
1223 1432 1271 1457 αθ
1303 1417 1368 1457 rei
1395 1418 1583 1457 onaclunt
1610 1432 1659 1457 αθ
1688 1416 1828 1469 kwbyl

277 1491 543 1541 (persuasum
565 1496 627 1528 est
647 1488 766 1536 mihi,
789 1489 900 1541 quod
921 1502 1008 1528 non
1024 1487 1057 1527 it
1074 1489 1125 1527 ab
1143 1488 1215 1537 eis,
1238 1487 1341 1541 quin
1359 1487 1553 1528 occiderit
1571 1494 1644 1527 aut
1661 1486 1822 1539 aliquos

276 1573 328 1598 ex
355 1558 413 1598 eis
443 1566 516 1598 aut
547 1560 709 1610 omnes)
735 1561 773 1606 2,
802 1562 867 1597 58.
902 1559 956 1611 (ly
979 1558 1127 1611 ellecnq
1149 1572 1197 1597 αθ
1216 1572 1269 1612 3]ν
1290 1572 1364 1598 eur
1385 1573 1433 1597 αθ
1453 1572 1506 1611 3]ν
1527 1561 1683 1610 aryant
1703 1570 1750 1594 αθ
1771 1569 1823 1609 3]ν

272 1628 691 1682 yolutpressemzawl
707 1660 715 1668 .
736 1660 743 1667 .
763 1628 970 1679 (liberatio
989 1635 1062 1667 tua
1078 1635 1150 1668 aut
1166 1642 1240 1681 per
1257 1642 1406 1667 aurum
1423 1634 1496 1667 aut
1512 1641 1584 1680 per
1601 1633 1824 1679 argentum

275 1705 348 1738 aut
368 1713 441 1751 per
462 1699 620 1737 donum
642 1697 871 1751 pretiosum
894 1706 998 1746 etc.;
1025 1698 1077 1737 cf.
1102 1712 1145 1750 p.
1173 1700 1271 1749 634)
1296 1701 1335 1746 2,
1364 1701 1458 1736 234.

389 1768 617 1808 Cornica
658 1775 699 1807 et
729 1767 991 1808 armorica
1028 1767 1269 1821 conjunctio
1298 1767 1535 1822 copulativa
1564 1767 1709 1806 codem
1740 1764 1824 1804 fere

274 1838 398 1877 modo
428 1845 630 1877 tractatur
658 1845 707 1877 ut
737 1837 958 1886 cambrica,
982 1845 1156 1892 excepto
1189 1839 1300 1891 quod
1332 1845 1477 1878 tenues
1509 1843 1728 1889 sequentes
1760 1834 1822 1874 in-

275 1915 409 1947 tactae
430 1915 618 1947 manent.

389 1979 515 2018 Corn.
540 1978 685 2025 HAG,
706 1978 813 2017 HA:
841 1977 978 2018 thotho
993 1993 1020 2032 3]
1041 1977 1279 2031 tysqecetlzas
1297 1991 1382 2017 οων
1397 1977 1479 2030 leaf]
1497 1975 1681 2029 ambraus
1695 1974 1822 2028 yzcels

274 2047 332 2087 Ῐια
358 2047 485 2101 quelle
516 2047 573 2087 ha
601 2046 791 2101 kymmys
818 2062 875 2101 yn
908 2048 979 2102 bys
1007 2062 1055 2087 us
1085 2062 1157 2086 vas
1180 2046 1237 2099 (ei
1256 2046 1505 2087 monstravit
1526 2061 1676 2085 aurum
1698 2053 1738 2085 et
1760 2060 1822 2084 ar-

272 2112 463 2171 gentuni,
488 2132 663 2170 gramen
691 2124 731 2157 et
761 2117 926 2156 arbores
958 2124 999 2156 et
1030 2117 1141 2169 quod
1170 2116 1214 2156 in
1236 2118 1394 2156 mundo
1417 2124 1479 2156 est
1499 2117 1676 2167 bonum)
1700 2116 1818 2155 Pass.

279 2192 344 2236 16,
368 2191 406 2227 2.
430 2192 467 2227 3.
493 2188 621 2228 ὃθθθῖἷ
637 2187 693 2228 ha
714 2187 828 2228 cotiae
850 2189 977 2239 (stare
1000 2194 1041 2226 et
1061 2187 1224 2238 cadere)
1249 2190 1315 2235 22,
1340 2191 1378 2226 3.
1405 2200 1522 2240 myns
1544 2200 1591 2225 us
1615 2185 1823 2239 eemtecllys

273 2264 338 2297 ret
351 2257 544 2311 flamyas
575 2258 631 2298 Ῐια
660 2264 696 2299 te
722 2271 799 2311 967*
828 2256 925 2310 'cytla
955 2271 1010 2310 ny
1035 2271 1195 2310 qezcsys
1225 2257 1355 2309 (quod
1386 2256 1648 2310 disputatum
1678 2262 1754 2304 est,
1782 2262 1822 2294 te

275 2327 470 2376 convicit,
496 2328 568 2367 sed
597 2335 644 2367 tu
672 2329 847 2367 verbum
877 2341 964 2365 non
988 2325 1151 2379 dixisti)
1177 2330 1243 2375 92,
1271 2331 1310 2366 2.
1338 2331 1376 2366 3.
1422 2325 1596 2379 Propria
1617 2325 1823 2378 particula

274 2396 533 2436 adversativa
564 2397 729 2437 cornica
755 2397 910 2450 legitur
939 2411 1023 2436 mes
1056 2397 1164 2449 (sed)
1188 2398 1306 2437 Pass.
1335 2401 1400 2445 54,
1430 2401 1467 2436 3.
1495 2399 1561 2444 82,
1590 2400 1628 2434 3.
1656 2399 1750 2443 201,
1779 2399 1818 2442 4,

273 2467 339 2506 vel
360 2480 449 2506 mas
473 2467 544 2517 (cf.
569 2466 668 2519 gall.
694 2466 791 2506 hod.
817 2466 923 2506 mais
936 2467 975 2518 52)
1001 2471 1068 2515 47,
1095 2470 1133 2506 2.
1162 2471 1228 2515 51,
1259 2471 1294 2506 1.

389 2537 499 2576 Cum
524 2536 772 2590 pronomine
800 2536 1033 2589 possessivo
1065 2544 1107 2576 et
1134 2536 1308 2576 articulo
1338 2536 1594 2576 coalescens:
1632 2534 1697 2575 the
1719 2548 1820 2574 wor-

276 2605 394 2660 thaff
415 2621 460 2645 ‘ce
488 2605 587 2645 ham
620 2606 711 2659 lays
734 2607 802 2656 (de
832 2620 900 2645 me
933 2614 973 2645 et
997 2606 1088 2658 lege
1109 2620 1215 2654 mea,
1243 2605 1423 2658 quaeris)
1447 2607 1565 2645 Pass.
1595 2609 1661 2653 80,
1691 2609 1726 2643 1.
1762 2618 1821 2643 ow

275 2676 366 2729 lays
400 2675 493 2715 Izaw
524 2676 703 2715 lucar-020
731 2676 824 2715 cael
850 2691 875 2715 α
896 2690 1030 2729 cyma>
1051 2691 1078 2729 3]
1097 2676 1253 2729 ylewas
1277 2676 1428 2728 (legem
1450 2689 1585 2714 meam
1607 2682 1647 2714 et
1670 2688 1821 2713 sermo-

273 2759 346 2785 nes
378 2760 493 2785 meos
524 2745 596 2798 qui
626 2745 804 2785 voluerit
837 2745 998 2797 audire)
1026 2750 1090 2793 79,
1119 2749 1156 2784 2.
1187 2760 1214 2799 y
1245 2745 1337 2785 ooth
1365 2745 1457 2800 thys
1476 2745 1651 2798 yorz‘lzye
1673 2743 1743 2797 thy
1766 2743 1822 2782 da

275 2815 358 2868 laag]
381 2815 528 2854 lecmow
552 2818 732 2868 (oportet
755 2822 794 2854 te
816 2815 1003 2855 venerari
1025 2816 1150 2854 deum
1174 2822 1295 2854 tuum
1317 2823 1357 2855 et
1380 2815 1469 2868 ejus
1492 2817 1664 2865 nomen)
1692 2818 1756 2861 17,
1782 2817 1817 2851 1.

387 2886 551 2924 Annor.
577 2885 715 2932 HAG,
743 2886 850 2924 HA:
887 2886 942 2924 (la
974 2891 1109 2924 monet
1133 2917 1140 2924 .
1170 2916 1178 2923 .
1205 2884 1305 2938 ceqff'
1325 2885 1403 2925 hac
1436 2885 1528 2924 chel
1545 2883 1659 2936 equit
1677 2883 1821 2936 quelen
