1920 3220
231 195 312 234 782
520 194 574 233 V.
605 198 641 233 1.
685 206 926 233 DERIVATIO
948 206 1219 233 BRITANNICA
1240 206 1478 234 vocALIUM.

550 423 621 467 II.
696 422 1029 468 Derivatio
1072 421 1449 467 britannica.

653 577 706 616 A.
751 576 1036 616 Derivatio
1066 575 1349 615 vocalium.

344 722 520 763 Vocales
547 729 627 762 tres
650 721 921 762 intermediae
942 721 988 760 in
1010 720 1248 774 compositis
1269 720 1430 774 gallicis
1452 721 1626 761 vetustis
1648 737 1669 761 0
1692 724 1770 775 (a),

231 791 260 840 τ’,
286 806 327 840 u,
349 805 526 844 quarum
547 793 653 831 duae
675 791 921 844 posteriores
943 790 1185 843 praesertim
1208 790 1453 830 derivationi
1476 791 1709 831 inserviunt
1730 792 1775 831 in

232 861 380 900 iisdem
400 861 576 900 vetustis
598 860 840 900 nominibus
864 862 923 912 (p.
954 863 1047 898 724.
1072 864 1184 909 725),
1210 875 1304 899 cum
1327 860 1526 913 perierint
1537 861 1626 913 jam
1647 861 1690 900 in
1712 861 1774 900 hi-

230 930 398 970 bernica
418 937 583 969 vetusta
605 929 751 982 lingua
770 943 845 981 pro
866 929 1012 981 majori
1033 936 1163 982 parte,
1184 930 1325 970 minus
1347 930 1472 969 etiam
1492 938 1689 983 poterunt
1706 945 1774 970 ex-

233 1000 410 1054 spectari
439 999 485 1039 in
511 999 698 1039 dialectis
719 998 981 1039 britannicis.
1025 1000 1078 1038 In
1099 999 1164 1039 his
1187 999 1204 1039 i
1223 1006 1264 1039 et
1285 1014 1311 1039 u
1332 1000 1478 1039 finales
1500 1000 1776 1040 communiter

231 1071 385 1110 desunt
414 1069 459 1108 in
488 1069 674 1117 vocibus,
698 1068 743 1108 in
766 1068 916 1121 quibus
939 1070 1092 1117 adsunt
1113 1069 1157 1109 in
1179 1069 1353 1109 vetustis
1374 1069 1630 1119 nominibus,
1656 1071 1775 1110 nullo

231 1139 406 1192 vestigio
441 1138 599 1186 relicto,
633 1153 668 1177 e.
699 1152 761 1190 gr.
797 1138 841 1177 in
877 1153 967 1178 mor
989 1141 1141 1191 (mare,
1181 1160 1237 1172 Ξ
1272 1139 1433 1179 hibern.
1470 1147 1552 1179 vet.
1585 1140 1718 1188 mair,
1753 1155 1775 1180 e

231 1209 371 1261 mori),
412 1207 731 1259 bad(vict01·ia;
763 1229 820 1240 Ξ
851 1207 1014 1247 hibern.
1054 1216 1136 1248 vet.
1176 1209 1317 1258 hadid,
1352 1224 1374 1248 e
1407 1209 1544 1262 bodi),
1578 1210 1658 1258 bit,
1695 1211 1779 1264 byd

233 1280 460 1331 (mundus;
482 1278 644 1317 hibern.
666 1285 748 1317 vet.
771 1277 871 1325 bille,
893 1292 913 1316 e
932 1278 1032 1327 him,
1058 1279 1109 1317 cf.
1131 1278 1378 1331 Bituriges),
1397 1285 1476 1327 cat,
1494 1280 1575 1319 ead
1590 1282 1749 1332 (pugna
1762 1295 1772 1327 3

232 1349 395 1389 hibern.
421 1355 503 1387 vet.
530 1347 639 1396 calla,
666 1362 686 1387 e
718 1353 827 1395 cata,
853 1347 904 1386 cf.
940 1348 1174 1401 Caturiges,
1211 1349 1444 1401 Catuslogi,
1469 1350 1625 1388 Catuso
1655 1351 1772 1401 eto),

233 1425 339 1459 nant
358 1418 519 1470 (vallis,
545 1418 597 1457 cf.
623 1418 861 1457 Nantuates
884 1417 1041 1469 Caes)
1082 1419 1210 1458 Deest
1231 1418 1289 1458 ita
1310 1433 1430 1471 porro
1451 1419 1603 1458 vocalis
1625 1418 1776 1458 finiens

233 1489 445 1542 quondam
466 1488 511 1527 in
532 1487 716 1535 vocibus,
738 1487 780 1526 in
804 1487 955 1539 quibus
977 1487 1113 1526 adhuc
1137 1494 1324 1526 servatur
1343 1488 1567 1537 hibernico,
1589 1503 1624 1528 e.
1645 1503 1707 1541 gr.
1732 1488 1788 1538 in·

233 1559 286 1607 ol,
312 1559 371 1598 oll
390 1557 558 1609 (omnis,
584 1557 746 1596 hibern.
772 1563 854 1596 vet.
881 1556 981 1609 uile)
993 1588 1005 1605 ,
1032 1571 1099 1595 am
1122 1556 1310 1609 (circum,
1336 1557 1498 1596 hibern.
1528 1565 1610 1598 vet.
1636 1558 1773 1606 imme,

233 1628 332 1681 gall.
357 1634 439 1666 vet.
466 1626 611 1678 ambi).
838 1629 843 1631 ’

348 1696 631 1750 Exeipiuntur
666 1703 806 1736 tamen
834 1710 954 1735 voces
984 1695 1161 1748 aliquae,
1186 1704 1234 1736 ut
1255 1711 1326 1737 eae
1348 1697 1392 1736 in
1414 1698 1564 1750 quibus
1586 1697 1778 1737 abeuntis

233 1767 250 1807 i
279 1766 505 1819 vestigium
531 1765 724 1805 relictum
755 1773 817 1806 est
847 1766 891 1805 in
921 1767 1193 1819 praecedente
1224 1767 1355 1807 vocali
1376 1767 1552 1816 infecta,
1587 1782 1623 1807 e.
1648 1782 1709 1820 gr.
1735 1767 1779 1806 in

235 1836 372 1876 breieh
396 1838 469 1888 (z
489 1836 748 1888 brachium),
789 1836 962 1876 Gereint
984 1837 1056 1883 (=
1078 1836 1326 1886 (iffi-entius,
1361 1837 1604 1886 Gerontius,
1637 1852 1679 1890 p.
1708 1842 1774 1876 97.

240 1909 362 1958 106),
388 1907 454 1945 vel
485 1920 590 1958 quae
622 1913 722 1944 sunt.
755 1913 900 1945 anctae
923 1905 1178 1945 derivatione
1202 1913 1367 1959 tegente
1390 1908 1602 1948 interdum
1623 1914 1778 1946 utram-

236 1990 316 2029 que
338 1975 455 2014 illam
475 1975 660 2015 vocalem
681 1982 905 2024 vetustam,
927 1990 963 2014 e.
983 1990 1045 2028 gr.
1072 1975 1321 2029 dimcclyazce
1338 1977 1533 2026 (inutilis,
1555 1977 1751 2016 inefficax
1764 1993 1775 2024 ;

236 2061 256 2085 e
279 2046 375 2094 bad,
398 2045 511 2093 badi,
533 2045 630 2085 ὒόᾱῖ
643 2045 766 2084 modo
782 2048 1028 2097 memorato)
1048 2046 1162 2085 Mab.
1186 2048 1224 2094 2,
1248 2049 1342 2095 226,
1368 2047 1631 2086 sslorcwelzuc
1649 2048 1778 2098 (Mor-

237 2114 376 2155 cantia
392 2130 433 2168 p.
453 2119 463 2152 ]
480 2119 545 2163 87,
562 2129 583 2154 e
600 2115 770 2154 nomine
782 2115 861 2154 viri
873 2116 1072 2154 sssoresmt
1088 2115 1180 2154 Lib.
1198 2116 1332 2154 Land.
1355 2121 1446 2164 137,
1462 2118 1647 2169 JIorsscm
1660 2117 1776 2155 Mab.

240 2189 287 2233 2,
315 2189 382 2224 25.
410 2188 486 2233 26,
520 2185 573 2224 cf.
613 2186 950 2225 Adcantuannus
989 2186 1131 2237 Caes.)
1161 2185 1211 2224 L.
1246 2186 1379 2225 Land.
1410 2190 1501 2224 113.
1533 2190 1625 2225 137.
1671 2186 1781 2226 Sunt

237 2270 359 2308 porro
390 2269 524 2303 voces,
549 2254 595 2294 in
623 2254 776 2307 quibus
806 2254 1039 2307 persistunt
1068 2255 1194 2294 etiam
1216 2255 1361 2294 finales
1384 2256 1560 2305 vocales,
1587 2263 1659 2295 aut
1687 2270 1779 2308 pro-

238 2326 387 2364 ductae
408 2323 602 2377 primitus
625 2332 698 2364 aut
718 2324 866 2377 majori
888 2339 963 2364 sua,
984 2324 1199 2364 derivandi
1221 2324 1275 2373 vi,
1302 2325 1367 2363 vel
1388 2324 1656 2378 diphthongi.
1702 2325 1780 2364 Ea-

239 2409 332 2433 rum
362 2394 551 2433 omnium
584 2395 789 2447 exempla,
816 2394 1005 2447 quamvis
1034 2395 1233 2433 obscurae
1264 2401 1363 2433 sunt
1395 2394 1559 2448 saepius
1591 2394 1777 2447 originis,

242 2464 355 2503 haud
380 2463 505 2503 dubie
528 2463 654 2503 etiam
674 2464 887 2503 interdum
908 2464 1108 2513 diversae,
1135 2478 1334 2504 enumero
1356 2463 1433 2503 hoe
1455 2464 1560 2512 loco,
1586 2464 1781 2517 praemit-

242 2541 334 2573 tens
367 2533 404 2582 i,
441 2548 546 2586 quae
577 2533 835 2585 frequentior
864 2540 940 2581 est,
976 2533 1043 2573 cui
1074 2534 1283 2587 subjungo
1313 2548 1353 2581 2l,
1391 2548 1431 2581 (ι,
1467 2548 1501 2582 e,
1535 2534 1781 2586 productam

240 2617 362 2657 porro
385 2606 418 2651 ἒ,
445 2610 485 2642 et
508 2602 819 2656 diphthongum
842 2617 911 2641 au.

356 2674 377 2712 I
407 2673 610 2712 cambrica
636 2672 776 2725 (hodie
808 2671 837 2721 θ’,
862 2687 966 2711 num
994 2673 1197 2725 producta
1228 2671 1399 2725 igitur'?)
1423 2672 1684 2712 substantiva
1713 2673 1779 2712 ab·

243 2750 394 2782 stracta
415 2742 577 2795 generis
598 2741 837 2790 masculini,
862 2743 1034 2782 fortasse
1056 2742 1247 2781 neutrius
1269 2742 1463 2795 primitus
1487 2744 1545 2795 (p.
1569 2744 1682 2795 285),
1703 2742 1782 2782 for—

244 2827 357 2852 mare
389 2813 493 2852 solet
524 2826 575 2851 ex
606 2811 843 2864 adjectivis:
879 2811 998 2851 (lloclz'
1018 2814 1282 2865 (paupertas3
1317 2812 1398 2865 adj.
1428 2813 1573 2864 (llccwt)
1596 2813 1711 2852 Mab.
1741 2815 1778 2860 2,

246 2886 312 2920 21.
358 2882 497 2922 ealedi
536 2881 756 2933 (durities,
800 2880 1049 2929 difficultas3
1090 2882 1171 2935 adj.
1212 2883 1342 2934 calet)
1376 2883 1491 2921 Mab.
1520 2885 1566 2931 2,
1595 2885 1660 2920 61.
1705 2881 1782 2921 bei-
