<?xml version="1.0" encoding="UTF-8"?>
<!DOCTYPE html PUBLIC "-//W3C//DTD XHTML 1.0 Transitional//EN"
    "http://www.w3.org/TR/xhtml1/DTD/xhtml1-transitional.dtd">
<html xmlns="http://www.w3.org/1999/xhtml" xml:lang="en" lang="en">
 <head>
  <title>
</title>
<meta http-equiv="Content-Type" content="text/html;charset=utf-8" />
  <meta name='ocr-system' content='tesseract 3.04.00' />
  <meta name='ocr-capabilities' content='ocr_page ocr_carea ocr_par ocr_line ocrx_word'/>
</head>
<body>
  <div class='ocr_page' id='page_1' title='image "./grammaticaceltic02zeus_0074.png"; bbox 0 0 1920 3220; ppageno 0'>
   <div class='ocr_carea' id='block_1_1' title="bbox 302 189 1514 232">
    <p class='ocr_par' dir='ltr' id='par_1_1' title="bbox 302 189 1514 232">
     <span class='ocr_line' id='line_1_1' title="bbox 302 189 1514 232; baseline 0.002 -4"><span class='ocrx_word' id='word_1_1' title='bbox 302 189 383 229; x_wconf 84' lang='lat'>624</span> <span class='ocrx_word' id='word_1_2' title='bbox 624 189 702 229; x_wconf 93' lang='lat' dir='ltr'>IV.</span> <span class='ocrx_word' id='word_1_3' title='bbox 731 192 769 228; x_wconf 86' lang='lat'>2.</span> <span class='ocrx_word' id='word_1_4' title='bbox 809 202 1179 231; x_wconf 82' lang='lat' dir='ltr'><strong>PRAEPOSITIONES</strong></span> <span class='ocrx_word' id='word_1_5' title='bbox 1204 203 1514 232; x_wconf 79' lang='lat' dir='ltr'><strong>BRITANNICAE.</strong></span> 
     </span>
    </p>
   </div>
   <div class='ocr_carea' id='block_1_2' title="bbox 283 299 1851 2927">
    <p class='ocr_par' dir='ltr' id='par_1_2' title="bbox 300 299 1851 424">
     <span class='ocr_line' id='line_1_2' title="bbox 300 299 1851 358; baseline 0.001 -17"><span class='ocrx_word' id='word_1_6' title='bbox 300 300 498 342; x_wconf 88' lang='lat' dir='ltr'>articulo:</span> <span class='ocrx_word' id='word_1_7' title='bbox 533 315 588 340; x_wconf 79' lang='lat' dir='ltr'>cm</span> <span class='ocrx_word' id='word_1_8' title='bbox 615 299 816 353; x_wconf 67' lang='lat' dir='ltr'>uyhelder</span> <span class='ocrx_word' id='word_1_9' title='bbox 840 300 980 355; x_wconf 74' lang='lat' dir='ltr'>ythese</span> <span class='ocrx_word' id='word_1_10' title='bbox 1011 303 1081 354; x_wconf 85' lang='lat' dir='ltr'>(ex</span> <span class='ocrx_word' id='word_1_11' title='bbox 1108 302 1330 342; x_wconf 81' lang='lat' dir='ltr'>altitudine</span> <span class='ocrx_word' id='word_1_12' title='bbox 1359 304 1464 354; x_wconf 84' lang='lat' dir='ltr'>erat)</span> <span class='ocrx_word' id='word_1_13' title='bbox 1490 308 1527 351; x_wconf 84' lang='lat'>5,</span> <span class='ocrx_word' id='word_1_14' title='bbox 1555 306 1592 342; x_wconf 91' lang='lat'>2.</span> <span class='ocrx_word' id='word_1_15' title='bbox 1625 318 1652 357; x_wconf 76' lang='lat' dir='ltr'><strong><em>y</em></strong></span> <span class='ocrx_word' id='word_1_16' title='bbox 1672 303 1851 358; x_wconf 77' lang='lat' dir='ltr'>fethaff</span> 
     </span>
     <span class='ocr_line' id='line_1_3' title="bbox 302 369 1656 424; baseline 0 -13"><span class='ocrx_word' id='word_1_17' title='bbox 302 370 429 424; x_wconf 68' lang='lat' dir='ltr'>treyv&#39;s</span> <span class='ocrx_word' id='word_1_18' title='bbox 451 385 505 410; x_wconf 81' lang='lat' dir='ltr'>cm</span> <span class='ocrx_word' id='word_1_19' title='bbox 527 370 648 410; x_wconf 76' lang='lat' dir='ltr'>barth</span> <span class='ocrx_word' id='word_1_20' title='bbox 672 369 818 424; x_wconf 70' lang='lat' dir='ltr'>dyhow</span> <span class='ocrx_word' id='word_1_21' title='bbox 841 372 926 423; x_wconf 86' lang='lat' dir='ltr'>(ero</span> <span class='ocrx_word' id='word_1_22' title='bbox 947 371 1106 411; x_wconf 86' lang='lat' dir='ltr'>locatus</span> <span class='ocrx_word' id='word_1_23' title='bbox 1129 386 1152 411; x_wconf 86' lang='lat' dir='ltr'>a</span> <span class='ocrx_word' id='word_1_24' title='bbox 1172 378 1289 424; x_wconf 87' lang='lat' dir='ltr'>parte</span> <span class='ocrx_word' id='word_1_25' title='bbox 1310 372 1498 424; x_wconf 75' lang='lat' dir='ltr'>dextera)</span> <span class='ocrx_word' id='word_1_26' title='bbox 1524 376 1590 420; x_wconf 85' lang='lat'>93,</span> <span class='ocrx_word' id='word_1_27' title='bbox 1618 376 1656 412; x_wconf 89' lang='lat'>3.</span> 
     </span>
    </p>

    <p class='ocr_par' dir='ltr' id='par_1_3' title="bbox 299 439 1841 631">
     <span class='ocr_line' id='line_1_4' title="bbox 413 439 1841 496; baseline 0.001 -16"><span class='ocrx_word' id='word_1_28' title='bbox 413 439 648 480; x_wconf 86' lang='lat' dir='ltr'>Praemissa</span> <span class='ocrx_word' id='word_1_29' title='bbox 689 439 902 492; x_wconf 80' lang='lat' dir='ltr'><strong>adjectivis</strong></span> <span class='ocrx_word' id='word_1_30' title='bbox 937 441 1188 494; x_wconf 81' lang='lat' dir='ltr'>praepositio</span> <span class='ocrx_word' id='word_1_31' title='bbox 1225 441 1418 481; x_wconf 84' lang='lat' dir='ltr'>adverbia</span> <span class='ocrx_word' id='word_1_32' title='bbox 1449 441 1679 493; x_wconf 83' lang='lat' dir='ltr'>significat:</span> <span class='ocrx_word' id='word_1_33' title='bbox 1721 447 1841 496; x_wconf 73' lang='lat' dir='ltr'>notye</span> 
     </span>
     <span class='ocr_line' id='line_1_5' title="bbox 301 509 1839 565; baseline 0.002 -17"><span class='ocrx_word' id='word_1_34' title='bbox 301 511 400 564; x_wconf 75' lang='lat' dir='ltr'>drys</span> <span class='ocrx_word' id='word_1_35' title='bbox 431 524 486 549; x_wconf 77' lang='lat' dir='ltr'>an</span> <span class='ocrx_word' id='word_1_36' title='bbox 516 509 620 548; x_wconf 79' lang='lat' dir='ltr'>wlas</span> <span class='ocrx_word' id='word_1_37' title='bbox 650 524 676 548; x_wconf 81' lang='lat' dir='ltr'>a</span> <span class='ocrx_word' id='word_1_38' title='bbox 707 524 805 563; x_wconf 61' lang='lat' dir='ltr'>offas</span> <span class='ocrx_word' id='word_1_39' title='bbox 836 510 919 564; x_wconf 72' lang='lat' dir='ltr'>hay</span> <span class='ocrx_word' id='word_1_40' title='bbox 940 525 966 550; x_wconf 82' lang='lat' dir='ltr'>a</span> <span class='ocrx_word' id='word_1_41' title='bbox 988 510 1071 550; x_wconf 76' lang='lat' dir='ltr'>bell</span> <span class='ocrx_word' id='word_1_42' title='bbox 1089 510 1320 562; x_wconf 81' lang='lat' dir='ltr'>(notificare</span> <span class='ocrx_word' id='word_1_43' title='bbox 1342 525 1416 564; x_wconf 90' lang='lat' dir='ltr'>per</span> <span class='ocrx_word' id='word_1_44' title='bbox 1436 517 1588 550; x_wconf 79' lang='lat' dir='ltr'>terram</span> <span class='ocrx_word' id='word_1_45' title='bbox 1607 511 1839 565; x_wconf 83' lang='lat' dir='ltr'>propinque</span> 
     </span>
     <span class='ocr_line' id='line_1_6' title="bbox 299 579 796 631; baseline 0 -13"><span class='ocrx_word' id='word_1_46' title='bbox 299 586 340 618; x_wconf 87' lang='lat' dir='ltr'>et</span> <span class='ocrx_word' id='word_1_47' title='bbox 359 580 533 631; x_wconf 84' lang='lat' dir='ltr'>remote)</span> <span class='ocrx_word' id='word_1_48' title='bbox 556 579 607 618; x_wconf 91' lang='lat' dir='ltr'>P.</span> <span class='ocrx_word' id='word_1_49' title='bbox 634 582 729 628; x_wconf 83' lang='lat'><strong>249,</strong></span> <span class='ocrx_word' id='word_1_50' title='bbox 758 583 796 618; x_wconf 87' lang='lat'>3.</span> 
     </span>
    </p>

    <p class='ocr_par' dir='ltr' id='par_1_4' title="bbox 295 649 1839 1252">
     <span class='ocr_line' id='line_1_7' title="bbox 411 649 1839 703; baseline 0.002 -16"><span class='ocrx_word' id='word_1_51' title='bbox 411 649 585 688; x_wconf 81' lang='lat' dir='ltr'>Formae</span> <span class='ocrx_word' id='word_1_52' title='bbox 607 655 752 688; x_wconf 83' lang='lat' dir='ltr'>auctae</span> <span class='ocrx_word' id='word_1_53' title='bbox 772 649 1090 703; x_wconf 79' lang='lat' dir='ltr'>praepositionis</span> <span class='ocrx_word' id='word_1_54' title='bbox 1111 664 1207 689; x_wconf 90' lang='lat' dir='ltr'>eum</span> <span class='ocrx_word' id='word_1_55' title='bbox 1227 649 1545 702; x_wconf 85' lang='lat' dir='ltr'>pronominibus</span> <span class='ocrx_word' id='word_1_56' title='bbox 1563 649 1746 689; x_wconf 80' lang='lat' dir='ltr'>suffixis:</span> <span class='ocrx_word' id='word_1_57' title='bbox 1772 665 1839 690; x_wconf 75' lang='lat' dir='ltr'>ar-</span> 
     </span>
     <span class='ocr_line' id='line_1_8' title="bbox 298 717 1837 773; baseline 0.001 -16"><span class='ocrx_word' id='word_1_58' title='bbox 298 717 387 758; x_wconf 74' lang='lat' dir='ltr'>luth</span> <span class='ocrx_word' id='word_1_59' title='bbox 399 732 491 770; x_wconf 75' lang='lat' dir='ltr'>pan</span> <span class='ocrx_word' id='word_1_60' title='bbox 516 717 671 772; x_wconf 69' lang='lat' dir='ltr'>dyffris</span> <span class='ocrx_word' id='word_1_61' title='bbox 697 718 781 758; x_wconf 67' lang='lat' dir='ltr'>{leet</span> <span class='ocrx_word' id='word_1_62' title='bbox 795 733 893 770; x_wconf 78' lang='lat' dir='ltr'>pow</span> <span class='ocrx_word' id='word_1_63' title='bbox 904 720 1090 773; x_wconf 72' lang='lat' dir='ltr'>predery</span> <span class='ocrx_word' id='word_1_64' title='bbox 1113 718 1420 772; x_wconf 66' lang='lat' dir='ltr'>aleamaffqura</span> <span class='ocrx_word' id='word_1_65' title='bbox 1443 719 1642 771; x_wconf 87' lang='lat' dir='ltr'>(domine,</span> <span class='ocrx_word' id='word_1_66' title='bbox 1665 718 1700 758; x_wconf 89' lang='lat' dir='ltr'>si</span> <span class='ocrx_word' id='word_1_67' title='bbox 1720 720 1837 759; x_wconf 86' lang='lat' dir='ltr'>venis</span> 
     </span>
     <span class='ocr_line' id='line_1_9' title="bbox 296 787 1838 843; baseline 0.002 -17"><span class='ocrx_word' id='word_1_68' title='bbox 296 787 341 826; x_wconf 90' lang='lat' dir='ltr'>in</span> <span class='ocrx_word' id='word_1_69' title='bbox 376 787 589 839; x_wconf 81' lang='lat' dir='ltr'>regionem</span> <span class='ocrx_word' id='word_1_70' title='bbox 626 794 763 836; x_wconf 79' lang='lat' dir='ltr'>tuam,</span> <span class='ocrx_word' id='word_1_71' title='bbox 796 788 932 840; x_wconf 82' lang='lat' dir='ltr'>cogita</span> <span class='ocrx_word' id='word_1_72' title='bbox 967 789 1017 827; x_wconf 87' lang='lat' dir='ltr'>de</span> <span class='ocrx_word' id='word_1_73' title='bbox 1052 790 1136 840; x_wconf 90' lang='lat' dir='ltr'>me)</span> <span class='ocrx_word' id='word_1_74' title='bbox 1160 789 1278 828; x_wconf 85' lang='lat' dir='ltr'>Pass.</span> <span class='ocrx_word' id='word_1_75' title='bbox 1308 793 1401 837; x_wconf 86' lang='lat'><strong>193,</strong></span> <span class='ocrx_word' id='word_1_76' title='bbox 1430 793 1467 828; x_wconf 87' lang='lat'>2.</span> <span class='ocrx_word' id='word_1_77' title='bbox 1508 789 1670 829; x_wconf 63' lang='lat' dir='ltr'>(thanas</span> <span class='ocrx_word' id='word_1_78' title='bbox 1705 789 1838 843; x_wconf 74' lang='lat' dir='ltr'>ythew</span> 
     </span>
     <span class='ocr_line' id='line_1_10' title="bbox 295 856 1837 912; baseline 0.001 -16"><span class='ocrx_word' id='word_1_79' title='bbox 295 857 457 911; x_wconf 75' lang='lat' dir='ltr'>sorefys</span> <span class='ocrx_word' id='word_1_80' title='bbox 480 858 547 908; x_wconf 89' lang='lat' dir='ltr'>(de</span> <span class='ocrx_word' id='word_1_81' title='bbox 570 864 610 896; x_wconf 92' lang='lat' dir='ltr'>te</span> <span class='ocrx_word' id='word_1_82' title='bbox 632 864 694 896; x_wconf 87' lang='lat' dir='ltr'>est</span> <span class='ocrx_word' id='word_1_83' title='bbox 716 856 936 910; x_wconf 85' lang='lat' dir='ltr'>scriptum)</span> <span class='ocrx_word' id='word_1_84' title='bbox 965 862 1029 904; x_wconf 89' lang='grc'>14,</span> <span class='ocrx_word' id='word_1_85' title='bbox 1056 860 1094 896; x_wconf 91' lang='grc'>2.</span> <span class='ocrx_word' id='word_1_86' title='bbox 1129 857 1279 897; x_wconf 74' lang='lat' dir='ltr'>anotlw</span> <span class='ocrx_word' id='word_1_87' title='bbox 1300 872 1327 911; x_wconf 73' lang='lat'>2]</span> <span class='ocrx_word' id='word_1_88' title='bbox 1345 858 1498 911; x_wconf 59' lang='lat' dir='ltr'>Jerbas</span> <span class='ocrx_word' id='word_1_89' title='bbox 1518 873 1545 911; x_wconf 74' lang='lat' dir='ltr'><strong><em>y</em></strong></span> <span class='ocrx_word' id='word_1_90' title='bbox 1567 858 1688 912; x_wconf 66' lang='lat' dir='ltr'>enqff</span> <span class='ocrx_word' id='word_1_91' title='bbox 1700 860 1768 910; x_wconf 87' lang='lat' dir='ltr'>(ab</span> <span class='ocrx_word' id='word_1_92' title='bbox 1791 872 1837 898; x_wconf 91' lang='lat' dir='ltr'>eo</span> 
     </span>
     <span class='ocr_line' id='line_1_11' title="bbox 296 925 1837 981; baseline 0.003 -17"><span class='ocrx_word' id='word_1_93' title='bbox 296 925 470 965; x_wconf 86' lang='lat' dir='ltr'>abstulit</span> <span class='ocrx_word' id='word_1_94' title='bbox 499 925 700 977; x_wconf 82' lang='lat' dir='ltr'>animam)</span> <span class='ocrx_word' id='word_1_95' title='bbox 728 930 819 974; x_wconf 87' lang='lat'><strong>106,</strong></span> <span class='ocrx_word' id='word_1_96' title='bbox 847 931 885 965; x_wconf 82' lang='lat'>4.</span> <span class='ocrx_word' id='word_1_97' title='bbox 920 940 1017 980; x_wconf 74' lang='lat' dir='ltr'>may</span> <span class='ocrx_word' id='word_1_98' title='bbox 1048 927 1153 966; x_wconf 72' lang='lat' dir='ltr'>rollo</span> <span class='ocrx_word' id='word_1_99' title='bbox 1185 927 1275 966; x_wconf 78' lang='lat' dir='ltr'>bres</span> <span class='ocrx_word' id='word_1_100' title='bbox 1304 927 1455 981; x_wconf 69' lang='lat' dir='ltr'>anetley</span> <span class='ocrx_word' id='word_1_101' title='bbox 1485 929 1551 979; x_wconf 82' lang='lat' dir='ltr'>(ut</span> <span class='ocrx_word' id='word_1_102' title='bbox 1578 928 1700 968; x_wconf 87' lang='lat' dir='ltr'>ferret</span> <span class='ocrx_word' id='word_1_103' title='bbox 1724 928 1837 981; x_wconf 88' lang='lat' dir='ltr'>judi-</span> 
     </span>
     <span class='ocr_line' id='line_1_12' title="bbox 296 994 1838 1050; baseline 0.003 -16"><span class='ocrx_word' id='word_1_104' title='bbox 296 994 409 1034; x_wconf 92' lang='lat' dir='ltr'>cium</span> <span class='ocrx_word' id='word_1_105' title='bbox 430 995 480 1034; x_wconf 84' lang='lat' dir='ltr'>de</span> <span class='ocrx_word' id='word_1_106' title='bbox 502 1009 564 1043; x_wconf 85' lang='lat' dir='ltr'>ea,</span> <span class='ocrx_word' id='word_1_107' title='bbox 585 995 803 1035; x_wconf 87' lang='lat' dir='ltr'>mulierem</span> <span class='ocrx_word' id='word_1_108' title='bbox 825 996 1109 1047; x_wconf 82' lang='lat' dir='ltr'>adduxerunt)</span> <span class='ocrx_word' id='word_1_109' title='bbox 1130 998 1196 1044; x_wconf 89' lang='lat'>32,</span> <span class='ocrx_word' id='word_1_110' title='bbox 1219 998 1257 1035; x_wconf 90' lang='lat'>2.</span> <span class='ocrx_word' id='word_1_111' title='bbox 1279 1011 1412 1050; x_wconf 56' lang='grc' dir='ltr'>ραν-69</span> <span class='ocrx_word' id='word_1_112' title='bbox 1435 997 1500 1037; x_wconf 74' lang='grc' dir='ltr'>ϊΙιε</span> <span class='ocrx_word' id='word_1_113' title='bbox 1520 1011 1566 1036; x_wconf 77' lang='lat' dir='ltr'>re</span> <span class='ocrx_word' id='word_1_114' title='bbox 1587 997 1733 1038; x_wconf 75' lang='lat' dir='ltr'>anetlae</span> <span class='ocrx_word' id='word_1_115' title='bbox 1752 1011 1838 1038; x_wconf 76' lang='lat' dir='ltr'>mos</span> 
     </span>
     <span class='ocr_line' id='line_1_13' title="bbox 296 1063 1839 1121; baseline 0.002 -17"><span class='ocrx_word' id='word_1_116' title='bbox 296 1064 390 1104; x_wconf 73' lang='lat' dir='ltr'>then</span> <span class='ocrx_word' id='word_1_117' title='bbox 420 1065 494 1103; x_wconf 76' lang='lat' dir='ltr'>dre</span> <span class='ocrx_word' id='word_1_118' title='bbox 516 1063 631 1116; x_wconf 88' lang='lat' dir='ltr'>(fecit</span> <span class='ocrx_word' id='word_1_119' title='bbox 655 1064 816 1117; x_wconf 87' lang='lat' dir='ltr'>aliquos</span> <span class='ocrx_word' id='word_1_120' title='bbox 838 1079 887 1104; x_wconf 85' lang='lat' dir='ltr'>ex</span> <span class='ocrx_word' id='word_1_121' title='bbox 911 1064 968 1104; x_wconf 91' lang='lat' dir='ltr'>eis</span> <span class='ocrx_word' id='word_1_122' title='bbox 990 1064 1049 1104; x_wconf 89' lang='lat' dir='ltr'>ire</span> <span class='ocrx_word' id='word_1_123' title='bbox 1069 1065 1114 1104; x_wconf 92' lang='lat' dir='ltr'>in</span> <span class='ocrx_word' id='word_1_124' title='bbox 1135 1065 1364 1118; x_wconf 84' lang='lat' dir='ltr'>civitatem)</span> <span class='ocrx_word' id='word_1_125' title='bbox 1389 1070 1455 1115; x_wconf 88' lang='lat'>27,</span> <span class='ocrx_word' id='word_1_126' title='bbox 1483 1071 1521 1106; x_wconf 91' lang='lat'>2.</span> <span class='ocrx_word' id='word_1_127' title='bbox 1555 1081 1610 1106; x_wconf 75' lang='lat' dir='ltr'>an</span> <span class='ocrx_word' id='word_1_128' title='bbox 1622 1082 1839 1121; x_wconf 75' lang='lat' dir='ltr'>premzyer</span> 
     </span>
     <span class='ocr_line' id='line_1_14' title="bbox 296 1133 1836 1188; baseline 0.001 -14"><span class='ocrx_word' id='word_1_129' title='bbox 296 1133 363 1174; x_wconf 73' lang='lat' dir='ltr'>the</span> <span class='ocrx_word' id='word_1_130' title='bbox 397 1133 577 1187; x_wconf 71' lang='lat' dir='ltr'>wutlzyll</span> <span class='ocrx_word' id='word_1_131' title='bbox 608 1147 735 1174; x_wconf 78' lang='lat' dir='ltr'>erows</span> <span class='ocrx_word' id='word_1_132' title='bbox 773 1134 920 1175; x_wconf 67' lang='lat' dir='ltr'>anetho</span> <span class='ocrx_word' id='word_1_133' title='bbox 951 1134 1086 1188; x_wconf 83' lang='lat' dir='ltr'>(ligna</span> <span class='ocrx_word' id='word_1_134' title='bbox 1120 1136 1172 1175; x_wconf 81' lang='lat' dir='ltr'>ad</span> <span class='ocrx_word' id='word_1_135' title='bbox 1207 1135 1439 1175; x_wconf 84' lang='lat' dir='ltr'>faciendam</span> <span class='ocrx_word' id='word_1_136' title='bbox 1475 1150 1640 1176; x_wconf 86' lang='lat' dir='ltr'>crucem</span> <span class='ocrx_word' id='word_1_137' title='bbox 1677 1151 1729 1176; x_wconf 80' lang='lat' dir='ltr'>ex</span> <span class='ocrx_word' id='word_1_138' title='bbox 1759 1137 1836 1188; x_wconf 86' lang='lat' dir='ltr'>eis)</span> 
     </span>
     <span class='ocr_line' id='line_1_15' title="bbox 297 1207 459 1252; baseline 0.006 -12"><span class='ocrx_word' id='word_1_139' title='bbox 297 1207 390 1252; x_wconf 81' lang='lat'><strong>151,</strong></span> <span class='ocrx_word' id='word_1_140' title='bbox 420 1207 459 1241; x_wconf 81' lang='grc'>4.</span> 
     </span>
    </p>

    <p class='ocr_par' dir='ltr' id='par_1_5' title="bbox 287 1273 1836 2225">
     <span class='ocr_line' id='line_1_16' title="bbox 406 1273 1835 1328; baseline 0.003 -17"><span class='ocrx_word' id='word_1_141' title='bbox 406 1273 612 1326; x_wconf 79' lang='lat' dir='ltr'>Exempla</span> <span class='ocrx_word' id='word_1_142' title='bbox 639 1274 839 1314; x_wconf 84' lang='lat' dir='ltr'>armorica</span> <span class='ocrx_word' id='word_1_143' title='bbox 870 1289 891 1314; x_wconf 91' lang='lat' dir='ltr'>e</span> <span class='ocrx_word' id='word_1_144' title='bbox 914 1275 1052 1314; x_wconf 75' lang='lat' dir='ltr'><strong>Buh.:</strong></span> <span class='ocrx_word' id='word_1_145' title='bbox 1087 1276 1183 1316; x_wconf 67' lang='lat' dir='ltr'>decet</span> <span class='ocrx_word' id='word_1_146' title='bbox 1212 1290 1238 1315; x_wconf 76' lang='grc' dir='ltr'>(ι</span> <span class='ocrx_word' id='word_1_147' title='bbox 1268 1275 1356 1315; x_wconf 67' lang='lat' dir='ltr'>lech</span> <span class='ocrx_word' id='word_1_148' title='bbox 1380 1291 1422 1315; x_wconf 76' lang='lat' dir='ltr'>se</span> <span class='ocrx_word' id='word_1_149' title='bbox 1442 1291 1497 1316; x_wconf 75' lang='lat' dir='ltr'>na</span> <span class='ocrx_word' id='word_1_150' title='bbox 1521 1277 1657 1317; x_wconf 67' lang='lat' dir='ltr'>(Zaleet</span> <span class='ocrx_word' id='word_1_151' title='bbox 1679 1276 1835 1328; x_wconf 84' lang='lat' dir='ltr'>(venite</span> 
     </span>
     <span class='ocr_line' id='line_1_17' title="bbox 293 1341 1836 1400; baseline 0.003 -19"><span class='ocrx_word' id='word_1_152' title='bbox 293 1342 344 1381; x_wconf 87' lang='lat' dir='ltr'>ab</span> <span class='ocrx_word' id='word_1_153' title='bbox 375 1341 453 1381; x_wconf 91' lang='lat' dir='ltr'>hoe</span> <span class='ocrx_word' id='word_1_154' title='bbox 482 1342 586 1391; x_wconf 92' lang='lat' dir='ltr'>loco,</span> <span class='ocrx_word' id='word_1_155' title='bbox 612 1358 665 1382; x_wconf 90' lang='lat' dir='ltr'>ne</span> <span class='ocrx_word' id='word_1_156' title='bbox 698 1345 874 1396; x_wconf 80' lang='lat' dir='ltr'>tardate)</span> <span class='ocrx_word' id='word_1_157' title='bbox 902 1348 994 1393; x_wconf 85' lang='grc'>138,</span> <span class='ocrx_word' id='word_1_158' title='bbox 1025 1348 1089 1384; x_wconf 90' lang='grc'>11.</span> <span class='ocrx_word' id='word_1_159' title='bbox 1123 1359 1191 1384; x_wconf 81' lang='lat' dir='ltr'>ma</span> <span class='ocrx_word' id='word_1_160' title='bbox 1219 1351 1391 1398; x_wconf 76' lang='lat' dir='ltr'>querent</span> <span class='ocrx_word' id='word_1_161' title='bbox 1410 1360 1453 1385; x_wconf 79' lang='lat' dir='ltr'>so</span> <span class='ocrx_word' id='word_1_162' title='bbox 1477 1351 1538 1386; x_wconf 73' lang='lat' dir='ltr'>tect</span> <span class='ocrx_word' id='word_1_163' title='bbox 1552 1347 1644 1400; x_wconf 78' lang='lat' dir='ltr'>fier</span> <span class='ocrx_word' id='word_1_164' title='bbox 1665 1361 1690 1386; x_wconf 79' lang='lat' dir='ltr'>a</span> <span class='ocrx_word' id='word_1_165' title='bbox 1713 1346 1836 1386; x_wconf 70' lang='lat' dir='ltr'>brito-</span> 
     </span>
     <span class='ocr_line' id='line_1_18' title="bbox 292 1413 1835 1469; baseline 0.003 -19"><span class='ocrx_word' id='word_1_166' title='bbox 292 1425 394 1465; x_wconf 56' lang='grc' dir='ltr'><em>ηενρ]</em></span> <span class='ocrx_word' id='word_1_167' title='bbox 426 1427 451 1451; x_wconf 84' lang='grc' dir='ltr'><em>α</em></span> <span class='ocrx_word' id='word_1_168' title='bbox 481 1413 657 1453; x_wconf 73' lang='lat' dir='ltr'>noblcme</span> <span class='ocrx_word' id='word_1_169' title='bbox 678 1428 702 1452; x_wconf 80' lang='grc' dir='ltr'><em>α</em></span> <span class='ocrx_word' id='word_1_170' title='bbox 726 1414 760 1453; x_wconf 72' lang='lat' dir='ltr'>tz&#39;</span> <span class='ocrx_word' id='word_1_171' title='bbox 770 1413 935 1466; x_wconf 65' lang='lat' dir='ltr'>pz&#39;uz&#39;zz&#39;c</span> <span class='ocrx_word' id='word_1_172' title='bbox 957 1416 1166 1467; x_wconf 76' lang='lat' dir='ltr'>(parentes</span> <span class='ocrx_word' id='word_1_173' title='bbox 1189 1415 1270 1454; x_wconf 85' lang='lat' dir='ltr'>mei</span> <span class='ocrx_word' id='word_1_174' title='bbox 1292 1422 1391 1454; x_wconf 85' lang='lat' dir='ltr'>sunt</span> <span class='ocrx_word' id='word_1_175' title='bbox 1413 1415 1601 1456; x_wconf 86' lang='lat' dir='ltr'>homines</span> <span class='ocrx_word' id='word_1_176' title='bbox 1624 1416 1792 1469; x_wconf 81' lang='lat' dir='ltr'>superbi</span> <span class='ocrx_word' id='word_1_177' title='bbox 1814 1430 1835 1455; x_wconf 94' lang='lat' dir='ltr'>e</span> 
     </span>
     <span class='ocr_line' id='line_1_19' title="bbox 292 1480 1836 1538; baseline 0.005 -20"><span class='ocrx_word' id='word_1_178' title='bbox 292 1480 527 1529; x_wconf 76' lang='lat' dir='ltr'>Britannia,</span> <span class='ocrx_word' id='word_1_179' title='bbox 554 1496 575 1521; x_wconf 92' lang='lat' dir='ltr'>e</span> <span class='ocrx_word' id='word_1_180' title='bbox 596 1483 830 1532; x_wconf 86' lang='lat' dir='ltr'>nobilitate,</span> <span class='ocrx_word' id='word_1_181' title='bbox 856 1499 877 1523; x_wconf 90' lang='lat' dir='ltr'>e</span> <span class='ocrx_word' id='word_1_182' title='bbox 899 1485 1022 1524; x_wconf 92' lang='lat' dir='ltr'>domo</span> <span class='ocrx_word' id='word_1_183' title='bbox 1044 1484 1189 1537; x_wconf 80' lang='lat' dir='ltr'>divite)</span> <span class='ocrx_word' id='word_1_184' title='bbox 1215 1490 1281 1533; x_wconf 88' lang='lat'>36,</span> <span class='ocrx_word' id='word_1_185' title='bbox 1305 1488 1371 1524; x_wconf 89' lang='lat'>23.</span> <span class='ocrx_word' id='word_1_186' title='bbox 1395 1489 1461 1534; x_wconf 80' lang='lat'><strong>38,</strong></span> <span class='ocrx_word' id='word_1_187' title='bbox 1489 1491 1522 1525; x_wconf 90' lang='lat'>1.</span> <span class='ocrx_word' id='word_1_188' title='bbox 1549 1501 1574 1525; x_wconf 81' lang='grc' dir='ltr'><em>α</em></span> <span class='ocrx_word' id='word_1_189' title='bbox 1586 1486 1681 1538; x_wconf 74' lang='lat' dir='ltr'>pell</span> <span class='ocrx_word' id='word_1_190' title='bbox 1699 1500 1836 1525; x_wconf 76' lang='lat' dir='ltr'>amser</span> 
     </span>
     <span class='ocr_line' id='line_1_20' title="bbox 293 1549 1834 1609; baseline 0.005 -21"><span class='ocrx_word' id='word_1_191' title='bbox 293 1564 319 1588; x_wconf 82' lang='lat' dir='ltr'>a</span> <span class='ocrx_word' id='word_1_192' title='bbox 340 1549 410 1589; x_wconf 75' lang='lat' dir='ltr'>het</span> <span class='ocrx_word' id='word_1_193' title='bbox 420 1552 597 1602; x_wconf 75' lang='lat' dir='ltr'>pemclee</span> <span class='ocrx_word' id='word_1_194' title='bbox 620 1553 735 1592; x_wconf 54' lang='lat' dir='ltr'>bloet:</span> <span class='ocrx_word' id='word_1_195' title='bbox 760 1555 800 1605; x_wconf 84' lang='lat' dir='ltr'>(a</span> <span class='ocrx_word' id='word_1_196' title='bbox 822 1553 1054 1607; x_wconf 81' lang='lat' dir='ltr'>longinquo</span> <span class='ocrx_word' id='word_1_197' title='bbox 1076 1561 1275 1608; x_wconf 88' lang='lat' dir='ltr'>tempore,</span> <span class='ocrx_word' id='word_1_198' title='bbox 1301 1570 1325 1594; x_wconf 83' lang='lat' dir='ltr'>a</span> <span class='ocrx_word' id='word_1_199' title='bbox 1346 1555 1480 1608; x_wconf 82' lang='lat' dir='ltr'>spatio</span> <span class='ocrx_word' id='word_1_200' title='bbox 1501 1555 1740 1609; x_wconf 89' lang='lat' dir='ltr'>quindecim</span> <span class='ocrx_word' id='word_1_201' title='bbox 1761 1570 1834 1595; x_wconf 87' lang='lat' dir='ltr'>an-</span> 
     </span>
     <span class='ocr_line' id='line_1_21' title="bbox 291 1620 1835 1678; baseline 0.004 -20"><span class='ocrx_word' id='word_1_202' title='bbox 291 1633 465 1667; x_wconf 68' lang='lat' dir='ltr'>norumg</span> <span class='ocrx_word' id='word_1_203' title='bbox 498 1635 523 1659; x_wconf 82' lang='grc' dir='ltr'><em>α</em></span> <span class='ocrx_word' id='word_1_204' title='bbox 554 1620 635 1671; x_wconf 74' lang='lat' dir='ltr'>het,</span> <span class='ocrx_word' id='word_1_205' title='bbox 662 1638 685 1662; x_wconf 88' lang='lat' dir='ltr'>a</span> <span class='ocrx_word' id='word_1_206' title='bbox 712 1623 992 1675; x_wconf 84' lang='lat' dir='ltr'>longitudine,</span> <span class='ocrx_word' id='word_1_207' title='bbox 1018 1623 1115 1663; x_wconf 90' lang='lat' dir='ltr'>inde</span> <span class='ocrx_word' id='word_1_208' title='bbox 1144 1626 1185 1676; x_wconf 85' lang='lat' dir='ltr'>a)</span> <span class='ocrx_word' id='word_1_209' title='bbox 1214 1628 1276 1673; x_wconf 88' lang='lat'>12,</span> <span class='ocrx_word' id='word_1_210' title='bbox 1307 1629 1369 1664; x_wconf 89' lang='lat'>15.</span> <span class='ocrx_word' id='word_1_211' title='bbox 1401 1630 1464 1664; x_wconf 91' lang='grc'>16.</span> <span class='ocrx_word' id='word_1_212' title='bbox 1497 1639 1523 1664; x_wconf 83' lang='lat' dir='ltr'>a</span> <span class='ocrx_word' id='word_1_213' title='bbox 1545 1630 1739 1678; x_wconf 69' lang='lat' dir='ltr'>truqarez</span> <span class='ocrx_word' id='word_1_214' title='bbox 1760 1626 1835 1664; x_wconf 77' lang='lat' dir='ltr'>(loe</span> 
     </span>
     <span class='ocr_line' id='line_1_22' title="bbox 291 1688 1833 1747; baseline 0.005 -21"><span class='ocrx_word' id='word_1_215' title='bbox 291 1690 333 1740; x_wconf 85' lang='lat' dir='ltr'>(a</span> <span class='ocrx_word' id='word_1_216' title='bbox 361 1688 655 1740; x_wconf 84' lang='lat' dir='ltr'>misericordia,</span> <span class='ocrx_word' id='word_1_217' title='bbox 681 1699 754 1747; x_wconf 86' lang='lat' dir='ltr'>&#39;per</span> <span class='ocrx_word' id='word_1_218' title='bbox 780 1692 1105 1733; x_wconf 85' lang='lat' dir='ltr'>misericordiam</span> <span class='ocrx_word' id='word_1_219' title='bbox 1126 1694 1206 1742; x_wconf 90' lang='lat' dir='ltr'>dei,</span> <span class='ocrx_word' id='word_1_220' title='bbox 1232 1696 1421 1746; x_wconf 82' lang='lat' dir='ltr'>sanatus)</span> <span class='ocrx_word' id='word_1_221' title='bbox 1444 1694 1501 1747; x_wconf 86' lang='lat' dir='ltr'>fq.</span> <span class='ocrx_word' id='word_1_222' title='bbox 1537 1696 1615 1734; x_wconf 74' lang='lat' dir='ltr'>den</span> <span class='ocrx_word' id='word_1_223' title='bbox 1637 1695 1732 1734; x_wconf 78' lang='lat' dir='ltr'>bras</span> <span class='ocrx_word' id='word_1_224' title='bbox 1755 1695 1833 1734; x_wconf 77' lang='lat' dir='ltr'>den</span> 
     </span>
     <span class='ocr_line' id='line_1_23' title="bbox 290 1758 1832 1817; baseline 0.005 -21"><span class='ocrx_word' id='word_1_225' title='bbox 290 1772 316 1797; x_wconf 82' lang='lat' dir='ltr'>a</span> <span class='ocrx_word' id='word_1_226' title='bbox 347 1758 470 1798; x_wconf 73' lang='lat' dir='ltr'>choas</span> <span class='ocrx_word' id='word_1_227' title='bbox 498 1758 577 1798; x_wconf 69' lang='lat' dir='ltr'>lacco</span> <span class='ocrx_word' id='word_1_228' title='bbox 606 1774 632 1799; x_wconf 79' lang='grc' dir='ltr'><em>α</em></span> <span class='ocrx_word' id='word_1_229' title='bbox 653 1765 737 1799; x_wconf 73' lang='lat' dir='ltr'>stat</span> <span class='ocrx_word' id='word_1_230' title='bbox 758 1760 838 1811; x_wconf 82' lang='lat' dir='ltr'>(vir</span> <span class='ocrx_word' id='word_1_231' title='bbox 860 1762 1039 1815; x_wconf 86' lang='lat' dir='ltr'>amplus,</span> <span class='ocrx_word' id='word_1_232' title='bbox 1066 1763 1128 1803; x_wconf 89' lang='lat' dir='ltr'>vir</span> <span class='ocrx_word' id='word_1_233' title='bbox 1148 1764 1362 1803; x_wconf 83' lang='lat' dir='ltr'>electionis</span> <span class='ocrx_word' id='word_1_234' title='bbox 1385 1771 1426 1804; x_wconf 92' lang='lat' dir='ltr'>et</span> <span class='ocrx_word' id='word_1_235' title='bbox 1447 1771 1596 1813; x_wconf 85' lang='lat' dir='ltr'>status,</span> <span class='ocrx_word' id='word_1_236' title='bbox 1622 1779 1716 1804; x_wconf 89' lang='lat' dir='ltr'>sum</span> <span class='ocrx_word' id='word_1_237' title='bbox 1738 1768 1832 1817; x_wconf 81' lang='lat' dir='ltr'>ego)</span> 
     </span>
     <span class='ocr_line' id='line_1_24' title="bbox 291 1830 1833 1887; baseline 0.004 -21"><span class='ocrx_word' id='word_1_238' title='bbox 291 1831 358 1877; x_wconf 82' lang='grc'>28,</span> <span class='ocrx_word' id='word_1_239' title='bbox 387 1831 452 1867; x_wconf 87' lang='grc'>23.</span> <span class='ocrx_word' id='word_1_240' title='bbox 480 1843 542 1868; x_wconf 81' lang='lat' dir='ltr'>me</span> <span class='ocrx_word' id='word_1_241' title='bbox 562 1844 606 1869; x_wconf 76' lang='lat' dir='ltr'>so</span> <span class='ocrx_word' id='word_1_242' title='bbox 631 1831 708 1869; x_wconf 74' lang='lat' dir='ltr'>den</span> <span class='ocrx_word' id='word_1_243' title='bbox 730 1845 755 1869; x_wconf 88' lang='grc' dir='ltr'><em>α</em></span> <span class='ocrx_word' id='word_1_244' title='bbox 778 1830 863 1870; x_wconf 65' lang='lat' dir='ltr'>lues</span> <span class='ocrx_word' id='word_1_245' title='bbox 887 1833 999 1883; x_wconf 84' lang='lat' dir='ltr'>(sum</span> <span class='ocrx_word' id='word_1_246' title='bbox 1020 1832 1082 1871; x_wconf 88' lang='lat' dir='ltr'>vir</span> <span class='ocrx_word' id='word_1_247' title='bbox 1102 1833 1223 1886; x_wconf 81' lang='lat' dir='ltr'>legis)</span> <span class='ocrx_word' id='word_1_248' title='bbox 1252 1839 1344 1882; x_wconf 85' lang='grc'>150,</span> <span class='ocrx_word' id='word_1_249' title='bbox 1375 1840 1410 1873; x_wconf 95' lang='grc'>1.</span> <span class='ocrx_word' id='word_1_250' title='bbox 1444 1835 1499 1874; x_wconf 79' lang='lat' dir='ltr'>da</span> <span class='ocrx_word' id='word_1_251' title='bbox 1517 1839 1833 1887; x_wconf 71' lang='lat' dir='ltr'>qouzozctpetra</span> 
     </span>
     <span class='ocr_line' id='line_1_25' title="bbox 288 1899 1832 1957; baseline 0.003 -20"><span class='ocrx_word' id='word_1_252' title='bbox 288 1911 315 1937; x_wconf 80' lang='lat' dir='ltr'>a</span> <span class='ocrx_word' id='word_1_253' title='bbox 345 1903 432 1938; x_wconf 76' lang='lat' dir='ltr'>mat</span> <span class='ocrx_word' id='word_1_254' title='bbox 458 1913 484 1937; x_wconf 77' lang='grc' dir='ltr'>(ι</span> <span class='ocrx_word' id='word_1_255' title='bbox 501 1913 583 1951; x_wconf 60' lang='grc' dir='ltr'>97η</span> <span class='ocrx_word' id='word_1_256' title='bbox 605 1900 674 1951; x_wconf 75' lang='lat' dir='ltr'>(ad</span> <span class='ocrx_word' id='word_1_257' title='bbox 696 1899 913 1940; x_wconf 89' lang='lat' dir='ltr'>sciendum</span> <span class='ocrx_word' id='word_1_258' title='bbox 935 1901 1034 1953; x_wconf 91' lang='lat' dir='ltr'>quid</span> <span class='ocrx_word' id='word_1_259' title='bbox 1055 1902 1155 1942; x_wconf 90' lang='lat' dir='ltr'>boni</span> <span class='ocrx_word' id='word_1_260' title='bbox 1176 1903 1315 1955; x_wconf 82' lang='lat' dir='ltr'>faciat)</span> <span class='ocrx_word' id='word_1_261' title='bbox 1345 1908 1407 1952; x_wconf 92' lang='grc'>18,</span> <span class='ocrx_word' id='word_1_262' title='bbox 1436 1907 1502 1942; x_wconf 87' lang='lat'>20.</span> <span class='ocrx_word' id='word_1_263' title='bbox 1523 1904 1687 1957; x_wconf 73' lang='lat' dir='ltr'>francq</span> <span class='ocrx_word' id='word_1_264' title='bbox 1709 1918 1734 1943; x_wconf 86' lang='grc' dir='ltr'><em>α</em></span> <span class='ocrx_word' id='word_1_265' title='bbox 1747 1918 1832 1955; x_wconf 76' lang='lat' dir='ltr'>pep</span> 
     </span>
     <span class='ocr_line' id='line_1_26' title="bbox 288 1968 1830 2024; baseline 0.003 -18"><span class='ocrx_word' id='word_1_266' title='bbox 288 1982 474 2020; x_wconf 72' lang='lat' dir='ltr'>(cneqzcen</span> <span class='ocrx_word' id='word_1_267' title='bbox 498 1968 620 2019; x_wconf 88' lang='lat' dir='ltr'>(liber</span> <span class='ocrx_word' id='word_1_268' title='bbox 641 1983 891 2022; x_wconf 88' lang='lat' dir='ltr'>quocunque</span> <span class='ocrx_word' id='word_1_269' title='bbox 913 1971 1071 2023; x_wconf 87' lang='lat' dir='ltr'>dolore)</span> <span class='ocrx_word' id='word_1_270' title='bbox 1100 1976 1192 2021; x_wconf 88' lang='grc'>198,</span> <span class='ocrx_word' id='word_1_271' title='bbox 1220 1976 1287 2012; x_wconf 93' lang='grc'>21.</span> <span class='ocrx_word' id='word_1_272' title='bbox 1315 1973 1410 2012; x_wconf 73' lang='lat' dir='ltr'>leun</span> <span class='ocrx_word' id='word_1_273' title='bbox 1432 1988 1457 2013; x_wconf 80' lang='lat' dir='ltr'>a</span> <span class='ocrx_word' id='word_1_274' title='bbox 1479 1973 1609 2012; x_wconf 73' lang='lat' dir='ltr'>ieclzet</span> <span class='ocrx_word' id='word_1_275' title='bbox 1628 1973 1684 2012; x_wconf 80' lang='grc' dir='ltr'>Ῐια</span> <span class='ocrx_word' id='word_1_276' title='bbox 1706 1987 1731 2011; x_wconf 78' lang='lat' dir='ltr'>a</span> <span class='ocrx_word' id='word_1_277' title='bbox 1748 1987 1830 2024; x_wconf 65' lang='lat' dir='ltr'>pel)</span> 
     </span>
     <span class='ocr_line' id='line_1_27' title="bbox 288 2037 1826 2095; baseline 0.003 -20"><span class='ocrx_word' id='word_1_278' title='bbox 288 2043 435 2090; x_wconf 74' lang='lat' dir='ltr'>quenet</span> <span class='ocrx_word' id='word_1_279' title='bbox 464 2037 615 2090; x_wconf 83' lang='lat' dir='ltr'>(plena</span> <span class='ocrx_word' id='word_1_280' title='bbox 650 2038 828 2078; x_wconf 80' lang='lat' dir='ltr'>sanitate</span> <span class='ocrx_word' id='word_1_281' title='bbox 866 2046 907 2079; x_wconf 88' lang='lat' dir='ltr'>et</span> <span class='ocrx_word' id='word_1_282' title='bbox 942 2055 1192 2094; x_wconf 85' lang='lat' dir='ltr'>quacunque</span> <span class='ocrx_word' id='word_1_283' title='bbox 1226 2042 1381 2095; x_wconf 84' lang='lat' dir='ltr'>gratia,</span> <span class='ocrx_word' id='word_1_284' title='bbox 1417 2043 1584 2095; x_wconf 86' lang='lat' dir='ltr'>puella)</span> <span class='ocrx_word' id='word_1_285' title='bbox 1617 2043 1693 2090; x_wconf 83' lang='grc'>46,</span> <span class='ocrx_word' id='word_1_286' title='bbox 1721 2046 1759 2080; x_wconf 89' lang='grc'>5.</span> <span class='ocrx_word' id='word_1_287' title='bbox 1788 2046 1826 2080; x_wconf 90' lang='lat'>6.</span> 
     </span>
     <span class='ocr_line' id='line_1_28' title="bbox 287 2107 1825 2163; baseline 0.002 -18"><span class='ocrx_word' id='word_1_288' title='bbox 287 2107 374 2146; x_wconf 74' lang='lat' dir='ltr'>eals</span> <span class='ocrx_word' id='word_1_289' title='bbox 410 2122 436 2146; x_wconf 81' lang='grc' dir='ltr'><em>α</em></span> <span class='ocrx_word' id='word_1_290' title='bbox 471 2121 639 2148; x_wconf 69' lang='lat' dir='ltr'>sozman.</span> <span class='ocrx_word' id='word_1_291' title='bbox 674 2109 761 2149; x_wconf 69' lang='lat' dir='ltr'>culs</span> <span class='ocrx_word' id='word_1_292' title='bbox 792 2123 818 2148; x_wconf 77' lang='lat' dir='ltr'><strong><em>a</em></strong></span> <span class='ocrx_word' id='word_1_293' title='bbox 847 2124 1033 2163; x_wconf 69' lang='lat' dir='ltr'>cmcqaen</span> <span class='ocrx_word' id='word_1_294' title='bbox 1066 2111 1244 2163; x_wconf 81' lang='lat' dir='ltr'>(affatim</span> <span class='ocrx_word' id='word_1_295' title='bbox 1273 2126 1419 2160; x_wconf 84' lang='lat' dir='ltr'>curae,</span> <span class='ocrx_word' id='word_1_296' title='bbox 1455 2111 1624 2163; x_wconf 87' lang='lat' dir='ltr'>doloris)</span> <span class='ocrx_word' id='word_1_297' title='bbox 1654 2115 1725 2159; x_wconf 84' lang='lat'><strong>16,</strong></span> <span class='ocrx_word' id='word_1_298' title='bbox 1762 2114 1825 2149; x_wconf 89' lang='grc'>18.</span> 
     </span>
     <span class='ocr_line' id='line_1_29' title="bbox 292 2180 480 2225; baseline 0.005 -10"><span class='ocrx_word' id='word_1_299' title='bbox 292 2180 385 2225; x_wconf 84' lang='lat'><strong>130,</strong></span> <span class='ocrx_word' id='word_1_300' title='bbox 417 2181 480 2216; x_wconf 78' lang='grc'>19.</span> 
     </span>
    </p>

    <p class='ocr_par' dir='ltr' id='par_1_6' title="bbox 284 2247 1831 2580">
     <span class='ocr_line' id='line_1_30' title="bbox 400 2247 1829 2305; baseline 0.003 -21"><span class='ocrx_word' id='word_1_301' title='bbox 400 2247 509 2285; x_wconf 86' lang='lat' dir='ltr'>Cum</span> <span class='ocrx_word' id='word_1_302' title='bbox 530 2247 743 2300; x_wconf 84' lang='lat' dir='ltr'>adjectivis</span> <span class='ocrx_word' id='word_1_303' title='bbox 766 2248 894 2288; x_wconf 83' lang='lat' dir='ltr'>efficit</span> <span class='ocrx_word' id='word_1_304' title='bbox 915 2249 1108 2290; x_wconf 82' lang='lat' dir='ltr'>adverbia</span> <span class='ocrx_word' id='word_1_305' title='bbox 1136 2250 1370 2290; x_wconf 87' lang='lat' dir='ltr'>interdum:</span> <span class='ocrx_word' id='word_1_306' title='bbox 1396 2265 1460 2290; x_wconf 79' lang='lat' dir='ltr'>me</span> <span class='ocrx_word' id='word_1_307' title='bbox 1480 2265 1561 2305; x_wconf 73' lang='lat' dir='ltr'>aya</span> <span class='ocrx_word' id='word_1_308' title='bbox 1583 2265 1608 2289; x_wconf 83' lang='grc' dir='ltr'><em>α</em></span> <span class='ocrx_word' id='word_1_309' title='bbox 1631 2250 1724 2289; x_wconf 76' lang='lat' dir='ltr'>herr</span> <span class='ocrx_word' id='word_1_310' title='bbox 1743 2249 1829 2302; x_wconf 85' lang='lat' dir='ltr'>(ibo</span> 
     </span>
     <span class='ocr_line' id='line_1_31' title="bbox 286 2315 1829 2373; baseline 0.003 -20"><span class='ocrx_word' id='word_1_311' title='bbox 286 2315 414 2362; x_wconf 84' lang='lat' dir='ltr'>brevi,</span> <span class='ocrx_word' id='word_1_312' title='bbox 439 2316 568 2367; x_wconf 89' lang='lat' dir='ltr'>illico)</span> <span class='ocrx_word' id='word_1_313' title='bbox 596 2322 660 2365; x_wconf 88' lang='lat'>10,</span> <span class='ocrx_word' id='word_1_314' title='bbox 688 2321 754 2357; x_wconf 84' lang='lat'><strong>21.</strong></span> <span class='ocrx_word' id='word_1_315' title='bbox 789 2333 852 2358; x_wconf 78' lang='lat' dir='ltr'>me</span> <span class='ocrx_word' id='word_1_316' title='bbox 882 2334 907 2358; x_wconf 79' lang='lat' dir='ltr'>a</span> <span class='ocrx_word' id='word_1_317' title='bbox 928 2319 1046 2372; x_wconf 57' lang='grc' dir='ltr'>δοίης]</span> <span class='ocrx_word' id='word_1_318' title='bbox 1067 2335 1093 2359; x_wconf 77' lang='grc' dir='ltr'><em>α</em></span> <span class='ocrx_word' id='word_1_319' title='bbox 1114 2321 1220 2360; x_wconf 73' lang='lat' dir='ltr'>soler</span> <span class='ocrx_word' id='word_1_320' title='bbox 1242 2320 1378 2373; x_wconf 85' lang='lat' dir='ltr'>(video</span> <span class='ocrx_word' id='word_1_321' title='bbox 1400 2320 1524 2371; x_wconf 77' lang='lat' dir='ltr'>clare)</span> <span class='ocrx_word' id='word_1_322' title='bbox 1556 2325 1617 2368; x_wconf 86' lang='lat'>10,</span> <span class='ocrx_word' id='word_1_323' title='bbox 1646 2323 1712 2358; x_wconf 85' lang='grc'>23.</span> <span class='ocrx_word' id='word_1_324' title='bbox 1747 2319 1829 2358; x_wconf 69' lang='lat' dir='ltr'>mir</span> 
     </span>
     <span class='ocr_line' id='line_1_32' title="bbox 286 2386 1831 2442; baseline 0.004 -20"><span class='ocrx_word' id='word_1_325' title='bbox 286 2398 312 2422; x_wconf 82' lang='lat' dir='ltr'>a</span> <span class='ocrx_word' id='word_1_326' title='bbox 334 2397 428 2423; x_wconf 74' lang='lat' dir='ltr'>cren</span> <span class='ocrx_word' id='word_1_327' title='bbox 452 2386 587 2435; x_wconf 79' lang='lat' dir='ltr'>&lt;serva</span> <span class='ocrx_word' id='word_1_328' title='bbox 607 2387 800 2436; x_wconf 86' lang='lat' dir='ltr'>fideliter,</span> <span class='ocrx_word' id='word_1_329' title='bbox 822 2388 1012 2441; x_wconf 79' lang='lat' dir='ltr'>omnino)</span> <span class='ocrx_word' id='word_1_330' title='bbox 1034 2393 1099 2438; x_wconf 91' lang='grc'>62,</span> <span class='ocrx_word' id='word_1_331' title='bbox 1122 2395 1161 2430; x_wconf 87' lang='grc'>4.</span> <span class='ocrx_word' id='word_1_332' title='bbox 1194 2390 1367 2429; x_wconf 84' lang='lat' dir='ltr'>Accedit</span> <span class='ocrx_word' id='word_1_333' title='bbox 1388 2389 1453 2429; x_wconf 89' lang='lat' dir='ltr'>his</span> <span class='ocrx_word' id='word_1_334' title='bbox 1475 2404 1616 2442; x_wconf 85' lang='lat' dir='ltr'>praep.</span> <span class='ocrx_word' id='word_1_335' title='bbox 1639 2389 1707 2428; x_wconf 76' lang='lat' dir='ltr'>dz&#39;:</span> <span class='ocrx_word' id='word_1_336' title='bbox 1731 2390 1831 2428; x_wconf 74' lang='lat' dir='ltr'>cluet</span> 
     </span>
     <span class='ocr_line' id='line_1_33' title="bbox 285 2452 1823 2511; baseline 0.004 -21"><span class='ocrx_word' id='word_1_337' title='bbox 285 2452 358 2506; x_wconf 84' lang='lat' dir='ltr'>off</span> <span class='ocrx_word' id='word_1_338' title='bbox 368 2453 528 2505; x_wconf 72' lang='lat' dir='ltr'>diapell</span> <span class='ocrx_word' id='word_1_339' title='bbox 542 2456 656 2506; x_wconf 83' lang='lat' dir='ltr'>(veni</span> <span class='ocrx_word' id='word_1_340' title='bbox 673 2472 693 2496; x_wconf 90' lang='lat' dir='ltr'>e</span> <span class='ocrx_word' id='word_1_341' title='bbox 711 2457 959 2510; x_wconf 81' lang='lat' dir='ltr'>longinquo)</span> <span class='ocrx_word' id='word_1_342' title='bbox 981 2464 1046 2508; x_wconf 84' lang='grc'>38,</span> <span class='ocrx_word' id='word_1_343' title='bbox 1067 2465 1085 2498; x_wconf 88' lang='grc'><strong>7</strong></span> <span class='ocrx_word' id='word_1_344' title='bbox 1100 2476 1110 2507; x_wconf 82' lang='grc'>;</span> <span class='ocrx_word' id='word_1_345' title='bbox 1137 2461 1238 2499; x_wconf 84' lang='lat' dir='ltr'>adeo</span> <span class='ocrx_word' id='word_1_346' title='bbox 1255 2459 1354 2499; x_wconf 70' lang='lat' dir='ltr'>adia</span> <span class='ocrx_word' id='word_1_347' title='bbox 1373 2458 1623 2511; x_wconf 85' lang='lat' dir='ltr'>(tripliciter,</span> <span class='ocrx_word' id='word_1_348' title='bbox 1645 2457 1823 2509; x_wconf 74' lang='lat' dir='ltr'>a-dz‘-a):</span> 
     </span>
     <span class='ocr_line' id='line_1_34' title="bbox 284 2522 1427 2580; baseline 0.004 -18"><span class='ocrx_word' id='word_1_349' title='bbox 284 2537 311 2562; x_wconf 83' lang='lat' dir='ltr'>a</span> <span class='ocrx_word' id='word_1_350' title='bbox 333 2522 492 2562; x_wconf 72' lang='lat' dir='ltr'>clz’abell</span> <span class='ocrx_word' id='word_1_351' title='bbox 509 2538 694 2564; x_wconf 70' lang='lat' dir='ltr'>memezcx</span> <span class='ocrx_word' id='word_1_352' title='bbox 714 2527 831 2566; x_wconf 76' lang='lat' dir='ltr'>sellet</span> <span class='ocrx_word' id='word_1_353' title='bbox 852 2529 1031 2579; x_wconf 84' lang='lat' dir='ltr'>(dudum</span> <span class='ocrx_word' id='word_1_354' title='bbox 1052 2528 1213 2580; x_wconf 89' lang='lat' dir='ltr'>studui)</span> <span class='ocrx_word' id='word_1_355' title='bbox 1241 2533 1332 2576; x_wconf 83' lang='lat'><strong>156,</strong></span> <span class='ocrx_word' id='word_1_356' title='bbox 1364 2532 1427 2567; x_wconf 89' lang='lat'><strong>16.</strong></span> 
     </span>
    </p>

    <p class='ocr_par' dir='ltr' id='par_1_7' title="bbox 283 2594 1836 2927">
     <span class='ocr_line' id='line_1_35' title="bbox 398 2594 1827 2650; baseline 0.002 -18"><span class='ocrx_word' id='word_1_357' title='bbox 398 2594 572 2633; x_wconf 84' lang='lat' dir='ltr'>Formae</span> <span class='ocrx_word' id='word_1_358' title='bbox 601 2601 769 2634; x_wconf 82' lang='lat' dir='ltr'>auctae:</span> <span class='ocrx_word' id='word_1_359' title='bbox 805 2610 855 2635; x_wconf 74' lang='lat' dir='ltr'>ne</span> <span class='ocrx_word' id='word_1_360' title='bbox 876 2597 1016 2636; x_wconf 62' lang='lat' dir='ltr'>samm¹</span> <span class='ocrx_word' id='word_1_361' title='bbox 1030 2598 1132 2650; x_wconf 70' lang='lat' dir='ltr'>qlcm</span> <span class='ocrx_word' id='word_1_362' title='bbox 1154 2612 1231 2649; x_wconf 73' lang='lat' dir='ltr'>nep</span> <span class='ocrx_word' id='word_1_363' title='bbox 1253 2612 1362 2636; x_wconf 61' lang='lat' dir='ltr'>mecm</span> <span class='ocrx_word' id='word_1_364' title='bbox 1384 2596 1573 2650; x_wconf 69' lang='lat' dir='ltr'>alzanoff</span> <span class='ocrx_word' id='word_1_365' title='bbox 1584 2598 1687 2648; x_wconf 83' lang='lat' dir='ltr'>(non</span> <span class='ocrx_word' id='word_1_366' title='bbox 1709 2605 1827 2636; x_wconf 76' lang='lat' dir='ltr'>curat</span> 
     </span>
     <span class='ocr_line' id='line_1_36' title="bbox 285 2662 1825 2719; baseline 0.003 -19"><span class='ocrx_word' id='word_1_367' title='bbox 285 2662 456 2701; x_wconf 88' lang='lat' dir='ltr'>omnino</span> <span class='ocrx_word' id='word_1_368' title='bbox 482 2663 631 2715; x_wconf 86' lang='lat' dir='ltr'>aliquis</span> <span class='ocrx_word' id='word_1_369' title='bbox 654 2665 704 2703; x_wconf 91' lang='lat' dir='ltr'>de</span> <span class='ocrx_word' id='word_1_370' title='bbox 725 2679 805 2711; x_wconf 84' lang='lat' dir='ltr'>me,</span> <span class='ocrx_word' id='word_1_371' title='bbox 831 2665 931 2717; x_wconf 86' lang='lat' dir='ltr'>mei)</span> <span class='ocrx_word' id='word_1_372' title='bbox 959 2670 1051 2715; x_wconf 84' lang='lat'><strong>118,</strong></span> <span class='ocrx_word' id='word_1_373' title='bbox 1082 2672 1146 2706; x_wconf 89' lang='grc'>19.</span> <span class='ocrx_word' id='word_1_374' title='bbox 1181 2681 1272 2706; x_wconf 73' lang='lat' dir='ltr'>72ch</span> <span class='ocrx_word' id='word_1_375' title='bbox 1296 2667 1364 2705; x_wconf 80' lang='lat' dir='ltr'>boe</span> <span class='ocrx_word' id='word_1_376' title='bbox 1384 2672 1479 2719; x_wconf 74' lang='lat' dir='ltr'>quet</span> <span class='ocrx_word' id='word_1_377' title='bbox 1500 2667 1619 2705; x_wconf 70' lang='lat' dir='ltr'>(Iram</span> <span class='ocrx_word' id='word_1_378' title='bbox 1629 2666 1708 2719; x_wconf 62' lang='lat' dir='ltr'>fex:</span> <span class='ocrx_word' id='word_1_379' title='bbox 1730 2681 1825 2705; x_wconf 78' lang='lat' dir='ltr'>ane-</span> 
     </span>
     <span class='ocr_line' id='line_1_37' title="bbox 283 2731 1836 2789; baseline 0.003 -19"><span class='ocrx_word' id='word_1_380' title='bbox 283 2731 378 2784; x_wconf 71' lang='lat' dir='ltr'>zcff</span> <span class='ocrx_word' id='word_1_381' title='bbox 389 2734 493 2783; x_wconf 81' lang='lat' dir='ltr'>(non</span> <span class='ocrx_word' id='word_1_382' title='bbox 515 2741 615 2772; x_wconf 86' lang='lat' dir='ltr'>sunt</span> <span class='ocrx_word' id='word_1_383' title='bbox 635 2733 754 2781; x_wconf 82' lang='lat' dir='ltr'>mihi,</span> <span class='ocrx_word' id='word_1_384' title='bbox 780 2749 866 2774; x_wconf 89' lang='lat' dir='ltr'>non</span> <span class='ocrx_word' id='word_1_385' title='bbox 887 2735 1035 2784; x_wconf 83' lang='lat' dir='ltr'>habeo,</span> <span class='ocrx_word' id='word_1_386' title='bbox 1061 2751 1134 2789; x_wconf 87' lang='lat' dir='ltr'>per</span> <span class='ocrx_word' id='word_1_387' title='bbox 1153 2737 1279 2775; x_wconf 86' lang='lat' dir='ltr'>fidem</span> <span class='ocrx_word' id='word_1_388' title='bbox 1300 2738 1453 2787; x_wconf 82' lang='lat' dir='ltr'>meam)</span> <span class='ocrx_word' id='word_1_389' title='bbox 1478 2739 1569 2783; x_wconf 81' lang='grc'>158,</span> <span class='ocrx_word' id='word_1_390' title='bbox 1592 2740 1631 2774; x_wconf 90' lang='grc'>9.</span> <span class='ocrx_word' id='word_1_391' title='bbox 1657 2734 1836 2788; x_wconf 71' lang='lat' dir='ltr'>anezcff</span> 
     </span>
     <span class='ocr_line' id='line_1_38' title="bbox 283 2802 1824 2858; baseline 0.004 -20"><span class='ocrx_word' id='word_1_392' title='bbox 283 2814 326 2838; x_wconf 80' lang='lat' dir='ltr'>eo</span> <span class='ocrx_word' id='word_1_393' title='bbox 358 2816 401 2839; x_wconf 70' lang='lat' dir='ltr'>ez</span> <span class='ocrx_word' id='word_1_394' title='bbox 425 2802 581 2855; x_wconf 68' lang='lat' dir='ltr'>yroaff</span> <span class='ocrx_word' id='word_1_395' title='bbox 592 2803 677 2857; x_wconf 78' lang='lat' dir='ltr'>fae</span> <span class='ocrx_word' id='word_1_396' title='bbox 698 2804 767 2854; x_wconf 82' lang='lat' dir='ltr'>(de</span> <span class='ocrx_word' id='word_1_397' title='bbox 799 2818 871 2852; x_wconf 89' lang='lat' dir='ltr'>eo,</span> <span class='ocrx_word' id='word_1_398' title='bbox 908 2805 1021 2857; x_wconf 85' lang='lat' dir='ltr'>ejus,</span> <span class='ocrx_word' id='word_1_399' title='bbox 1056 2805 1285 2844; x_wconf 86' lang='lat' dir='ltr'>ludibrium</span> <span class='ocrx_word' id='word_1_400' title='bbox 1313 2804 1436 2858; x_wconf 80' lang='lat' dir='ltr'>facio)</span> <span class='ocrx_word' id='word_1_401' title='bbox 1464 2810 1563 2853; x_wconf 89' lang='lat'><strong>172,</strong></span> <span class='ocrx_word' id='word_1_402' title='bbox 1591 2808 1657 2844; x_wconf 88' lang='lat'>22.</span> <span class='ocrx_word' id='word_1_403' title='bbox 1698 2804 1824 2844; x_wconf 76' lang='lat' dir='ltr'>bechez</span> 
     </span>
     <span class='ocr_line' id='line_1_39' title="bbox 283 2870 1819 2927; baseline 0.003 -20"><span class='ocrx_word' id='word_1_404' title='bbox 283 2870 465 2923; x_wconf 73' lang='lat' dir='ltr'>anezaffi</span> <span class='ocrx_word' id='word_1_405' title='bbox 492 2886 546 2910; x_wconf 79' lang='lat' dir='ltr'>(m</span> <span class='ocrx_word' id='word_1_406' title='bbox 572 2872 666 2925; x_wconf 75' lang='lat' dir='ltr'>beeq</span> <span class='ocrx_word' id='word_1_407' title='bbox 687 2873 847 2926; x_wconf 62' lang='lat' dir='ltr'>(enecas</span> <span class='ocrx_word' id='word_1_408' title='bbox 860 2873 962 2923; x_wconf 82' lang='lat' dir='ltr'>(vita</span> <span class='ocrx_word' id='word_1_409' title='bbox 985 2873 1089 2926; x_wconf 82' lang='lat' dir='ltr'>ejus,</span> <span class='ocrx_word' id='word_1_410' title='bbox 1114 2888 1289 2914; x_wconf 82' lang='lat' dir='ltr'>acumen</span> <span class='ocrx_word' id='word_1_411' title='bbox 1312 2874 1420 2927; x_wconf 84' lang='lat' dir='ltr'>ejus)</span> <span class='ocrx_word' id='word_1_412' title='bbox 1444 2879 1512 2923; x_wconf 87' lang='grc'>48,</span> <span class='ocrx_word' id='word_1_413' title='bbox 1543 2879 1606 2913; x_wconf 93' lang='grc'>10.</span> <span class='ocrx_word' id='word_1_414' title='bbox 1638 2879 1730 2922; x_wconf 89' lang='grc'>152,</span> <span class='ocrx_word' id='word_1_415' title='bbox 1755 2879 1819 2912; x_wconf 81' lang='grc'>14.</span> 
     </span>
    </p>
   </div>
  </div>
 </body>
</html>
