<?xml version="1.0" encoding="UTF-8"?>
<!DOCTYPE html PUBLIC "-//W3C//DTD XHTML 1.0 Transitional//EN"
    "http://www.w3.org/TR/xhtml1/DTD/xhtml1-transitional.dtd">
<html xmlns="http://www.w3.org/1999/xhtml" xml:lang="en" lang="en">
 <head>
  <title>
</title>
<meta http-equiv="Content-Type" content="text/html;charset=utf-8" />
  <meta name='ocr-system' content='tesseract 3.04.00' />
  <meta name='ocr-capabilities' content='ocr_page ocr_carea ocr_par ocr_line ocrx_word'/>
</head>
<body>
  <div class='ocr_page' id='page_1' title='image "./grammaticaceltic02zeus_0486.png"; bbox 0 0 1920 3220; ppageno 0'>
   <div class='ocr_carea' id='block_1_1' title="bbox 251 172 1793 218">
    <p class='ocr_par' dir='ltr' id='par_1_1' title="bbox 251 172 1793 218">
     <span class='ocr_line' id='line_1_1' title="bbox 251 172 1793 218; baseline 0.003 -7"><span class='ocrx_word' id='word_1_1' title='bbox 251 172 356 211; x_wconf 81' lang='lat'>1036</span> <span class='ocrx_word' id='word_1_2' title='bbox 417 187 661 214; x_wconf 77' lang='lat' dir='ltr'><strong>APPENDIX.</strong></span> <span class='ocrx_word' id='word_1_3' title='bbox 703 188 943 215; x_wconf 80' lang='lat' dir='ltr'>SPECIMINA</span> <span class='ocrx_word' id='word_1_4' title='bbox 965 188 1156 215; x_wconf 73' lang='grc'><strong>0011101111</strong></span> <span class='ocrx_word' id='word_1_5' title='bbox 1182 188 1370 216; x_wconf 66' lang='lat' dir='ltr'>numan.</span> <span class='ocrx_word' id='word_1_6' title='bbox 1397 189 1533 216; x_wconf 73' lang='lat' dir='ltr'>Prusc.</span> <span class='ocrx_word' id='word_1_7' title='bbox 1561 190 1624 216; x_wconf 69' lang='lat' dir='ltr'>se.</span> <span class='ocrx_word' id='word_1_8' title='bbox 1653 191 1704 217; x_wconf 75' lang='lat' dir='ltr'>Er</span> <span class='ocrx_word' id='word_1_9' title='bbox 1726 192 1793 218; x_wconf 81' lang='lat' dir='ltr'>cR.</span> 
     </span>
    </p>
   </div>
   <div class='ocr_carea' id='block_1_2' title="bbox 239 287 1799 2517">
    <p class='ocr_par' dir='ltr' id='par_1_2' title="bbox 239 287 1799 2517">
     <span class='ocr_line' id='line_1_2' title="bbox 246 287 1792 342; baseline 0.002 -17"><span class='ocrx_word' id='word_1_10' title='bbox 246 287 478 326; x_wconf 85' lang='lat' dir='ltr'>secundum</span> <span class='ocrx_word' id='word_1_11' title='bbox 500 287 739 340; x_wconf 80' lang='lat' dir='ltr'>analogiam</span> <span class='ocrx_word' id='word_1_12' title='bbox 760 287 896 342; x_wconf 86' lang='lat' dir='ltr'>perior</span> <span class='ocrx_word' id='word_1_13' title='bbox 917 302 1019 328; x_wconf 89' lang='lat' dir='ltr'>esse.</span> <span class='ocrx_word' id='word_1_14' title='bbox 1056 287 1278 327; x_wconf 74' lang='lat' dir='ltr'>Terentius</span> <span class='ocrx_word' id='word_1_15' title='bbox 1304 287 1346 327; x_wconf 88' lang='lat' dir='ltr'>in</span> <span class='ocrx_word' id='word_1_16' title='bbox 1373 288 1610 341; x_wconf 86' lang='lat' dir='ltr'>supradicta</span> <span class='ocrx_word' id='word_1_17' title='bbox 1627 290 1792 329; x_wconf 82' lang='lat' dir='ltr'>fabula:</span> 
     </span>
     <span class='ocr_line' id='line_1_3' title="bbox 246 356 1797 412; baseline 0.002 -17"><span class='ocrx_word' id='word_1_18' title='bbox 246 356 336 395; x_wconf 69' lang='lat' dir='ltr'>Hic</span> <span class='ocrx_word' id='word_1_19' title='bbox 361 372 431 409; x_wconf 68' lang='lat' dir='ltr'>eqo</span> <span class='ocrx_word' id='word_1_20' title='bbox 455 356 614 397; x_wconf 72' lang='lat' dir='ltr'>interea</span> <span class='ocrx_word' id='word_1_21' title='bbox 636 356 771 397; x_wconf 71' lang='lat' dir='ltr'>virum</span> <span class='ocrx_word' id='word_1_22' title='bbox 794 358 1024 410; x_wconf 71' lang='lat' dir='ltr'>oppere&#39;bor.</span> <span class='ocrx_word' id='word_1_23' title='bbox 1069 358 1181 397; x_wconf 90' lang='lat' dir='ltr'>Nam</span> <span class='ocrx_word' id='word_1_24' title='bbox 1203 358 1377 411; x_wconf 77' lang='lat' dir='ltr'>reperio,</span> <span class='ocrx_word' id='word_1_25' title='bbox 1403 358 1626 412; x_wconf 75' lang='lat' dir='ltr'>comperio,</span> <span class='ocrx_word' id='word_1_26' title='bbox 1652 374 1797 412; x_wconf 85' lang='lat' dir='ltr'>coope-</span> 
     </span>
     <span class='ocr_line' id='line_1_4' title="bbox 246 425 1799 482; baseline 0.003 -18"><span class='ocrx_word' id='word_1_27' title='bbox 246 425 321 474; x_wconf 91' lang='lat' dir='ltr'>rio,</span> <span class='ocrx_word' id='word_1_28' title='bbox 349 426 458 465; x_wconf 86' lang='lat' dir='ltr'>sicut</span> <span class='ocrx_word' id='word_1_29' title='bbox 489 427 643 480; x_wconf 88' lang='lat' dir='ltr'>aperio,</span> <span class='ocrx_word' id='word_1_30' title='bbox 669 427 804 467; x_wconf 86' lang='lat' dir='ltr'>activa</span> <span class='ocrx_word' id='word_1_31' title='bbox 834 435 956 475; x_wconf 86' lang='lat' dir='ltr'>sunt;</span> <span class='ocrx_word' id='word_1_32' title='bbox 976 426 1008 449; x_wconf 78' lang='lat'>¹²</span> <span class='ocrx_word' id='word_1_33' title='bbox 1039 428 1201 468; x_wconf 85' lang='lat' dir='ltr'>faciunt</span> <span class='ocrx_word' id='word_1_34' title='bbox 1231 428 1343 467; x_wconf 90' lang='lat' dir='ltr'>enim</span> <span class='ocrx_word' id='word_1_35' title='bbox 1375 444 1425 467; x_wconf 83' lang='lat' dir='ltr'>ex</span> <span class='ocrx_word' id='word_1_36' title='bbox 1456 443 1498 468; x_wconf 91' lang='lat' dir='ltr'>se</span> <span class='ocrx_word' id='word_1_37' title='bbox 1519 429 1697 482; x_wconf 75' lang='lat' dir='ltr'>passiva.</span> <span class='ocrx_word' id='word_1_38' title='bbox 1743 430 1799 469; x_wconf 84' lang='lat' dir='ltr'>Et</span> 
     </span>
     <span class='ocr_line' id='line_1_5' title="bbox 247 496 1799 552; baseline 0.001 -18"><span class='ocrx_word' id='word_1_39' title='bbox 247 503 424 548; x_wconf 83' lang='lat' dir='ltr'>possunt</span> <span class='ocrx_word' id='word_1_40' title='bbox 452 496 586 549; x_wconf 82' lang='lat' dir='ltr'>magis</span> <span class='ocrx_word' id='word_1_41' title='bbox 618 512 642 536; x_wconf 92' lang='lat' dir='ltr'>a</span> <span class='ocrx_word' id='word_1_42' title='bbox 663 498 778 550; x_wconf 85' lang='lat' dir='ltr'>pario</span> <span class='ocrx_word' id='word_1_43' title='bbox 799 498 931 538; x_wconf 84' lang='lat' dir='ltr'>videri</span> <span class='ocrx_word' id='word_1_44' title='bbox 953 498 1197 552; x_wconf 84' lang='lat' dir='ltr'>composita,</span> <span class='ocrx_word' id='word_1_45' title='bbox 1224 499 1335 550; x_wconf 88' lang='lat' dir='ltr'>quod</span> <span class='ocrx_word' id='word_1_46' title='bbox 1357 500 1468 551; x_wconf 87' lang='lat' dir='ltr'>apud</span> <span class='ocrx_word' id='word_1_47' title='bbox 1491 497 1799 538; x_wconf 82' lang='lat' dir='ltr'>vetustissimos</span> 
     </span>
     <span class='ocr_line' id='line_1_6' title="bbox 246 562 1796 620; baseline 0.001 -16"><span class='ocrx_word' id='word_1_48' title='bbox 246 573 418 617; x_wconf 79' lang='lat' dir='ltr'>quartae</span> <span class='ocrx_word' id='word_1_49' title='bbox 449 567 758 620; x_wconf 78' lang='lat' dir='ltr'>conjugationis</span> <span class='ocrx_word' id='word_1_50' title='bbox 786 562 1111 608; x_wconf 82' lang='lat' dir='ltr'>declinationem</span> <span class='ocrx_word' id='word_1_51' title='bbox 1140 568 1335 608; x_wconf 84' lang='lat' dir='ltr'>habebat.</span> <span class='ocrx_word' id='word_1_52' title='bbox 1381 568 1569 607; x_wconf 87' lang='lat' dir='ltr'>Ennius:</span> <span class='ocrx_word' id='word_1_53' title='bbox 1608 569 1695 607; x_wconf 72' lang='lat' dir='ltr'>Ova</span> <span class='ocrx_word' id='word_1_54' title='bbox 1716 581 1796 619; x_wconf 76' lang='lat' dir='ltr'>pa-</span> 
     </span>
     <span class='ocr_line' id='line_1_7' title="bbox 247 635 1798 690; baseline 0.001 -16"><span class='ocrx_word' id='word_1_55' title='bbox 247 635 331 675; x_wconf 63' lang='lat' dir='ltr'>rire</span> <span class='ocrx_word' id='word_1_56' title='bbox 355 637 457 676; x_wconf 71' lang='lat' dir='ltr'>solet</span> <span class='ocrx_word' id='word_1_57' title='bbox 474 652 604 690; x_wconf 63' lang='lat' dir='ltr'>{senus</span> <span class='ocrx_word' id='word_1_58' title='bbox 618 639 773 690; x_wconf 69' lang='lat' dir='ltr'>pennis</span> <span class='ocrx_word' id='word_1_59' title='bbox 797 640 1126 679; x_wconf 74' lang='lat' dir='ltr'>condecoratmn.</span> <span class='ocrx_word' id='word_1_60' title='bbox 1172 639 1296 678; x_wconf 80' lang='lat' dir='ltr'>Facio</span> <span class='ocrx_word' id='word_1_61' title='bbox 1319 654 1414 679; x_wconf 87' lang='grc'><strong>011111</strong></span> <span class='ocrx_word' id='word_1_62' title='bbox 1437 638 1490 678; x_wconf 88' lang='lat' dir='ltr'>sit</span> <span class='ocrx_word' id='word_1_63' title='bbox 1512 645 1724 686; x_wconf 87' lang='lat' dir='ltr'>neutrum,</span> <span class='ocrx_word' id='word_1_64' title='bbox 1751 645 1798 676; x_wconf 91' lang='lat' dir='ltr'>ut</span> 
     </span>
     <span class='ocr_line' id='line_1_8' title="bbox 245 706 1797 762; baseline 0.002 -18"><span class='ocrx_word' id='word_1_65' title='bbox 245 720 371 758; x_wconf 74' lang='lat' dir='ltr'>supra</span> <span class='ocrx_word' id='word_1_66' title='bbox 412 706 617 756; x_wconf 77' lang='lat' dir='ltr'>diximus,</span> <span class='ocrx_word' id='word_1_67' title='bbox 659 708 693 748; x_wconf 87' lang='lat' dir='ltr'>si</span> <span class='ocrx_word' id='word_1_68' title='bbox 731 723 827 748; x_wconf 87' lang='lat' dir='ltr'>cum</span> <span class='ocrx_word' id='word_1_69' title='bbox 862 709 1170 762; x_wconf 80' lang='lat' dir='ltr'>praepositione</span> <span class='ocrx_word' id='word_1_70' title='bbox 1206 716 1505 762; x_wconf 84' lang='lat' dir='ltr'>componatur,</span> <span class='ocrx_word' id='word_1_71' title='bbox 1550 708 1797 761; x_wconf 88' lang='lat' dir='ltr'>plerumque</span> 
     </span>
     <span class='ocr_line' id='line_1_9' title="bbox 248 776 1796 832; baseline 0.001 -17"><span class='ocrx_word' id='word_1_72' title='bbox 248 776 396 816; x_wconf 77' lang='lat' dir='ltr'>transit</span> <span class='ocrx_word' id='word_1_73' title='bbox 427 777 470 816; x_wconf 89' lang='lat' dir='ltr'>in</span> <span class='ocrx_word' id='word_1_74' title='bbox 502 777 700 826; x_wconf 88' lang='lat' dir='ltr'>activum,</span> <span class='ocrx_word' id='word_1_75' title='bbox 727 786 774 818; x_wconf 86' lang='lat' dir='ltr'>nt</span> <span class='ocrx_word' id='word_1_76' title='bbox 806 779 980 818; x_wconf 89' lang='lat' dir='ltr'>conficio</span> <span class='ocrx_word' id='word_1_77' title='bbox 1003 779 1213 828; x_wconf 82' lang='lat' dir='ltr'>conficior,</span> <span class='ocrx_word' id='word_1_78' title='bbox 1239 779 1408 832; x_wconf 90' lang='lat' dir='ltr'>perficio</span> <span class='ocrx_word' id='word_1_79' title='bbox 1429 778 1634 832; x_wconf 86' lang='lat' dir='ltr'>perficior,</span> <span class='ocrx_word' id='word_1_80' title='bbox 1660 778 1796 817; x_wconf 88' lang='lat' dir='ltr'>afficio</span> 
     </span>
     <span class='ocr_line' id='line_1_10' title="bbox 245 846 1796 901; baseline 0.001 -16"><span class='ocrx_word' id='word_1_81' title='bbox 245 846 416 895; x_wconf 83' lang='lat' dir='ltr'>afficior,</span> <span class='ocrx_word' id='word_1_82' title='bbox 451 847 590 887; x_wconf 80' lang='lat' dir='ltr'>reficio</span> <span class='ocrx_word' id='word_1_83' title='bbox 620 848 794 897; x_wconf 88' lang='lat' dir='ltr'>reficior,</span> <span class='ocrx_word' id='word_1_84' title='bbox 820 848 957 888; x_wconf 88' lang='lat' dir='ltr'>officio</span> <span class='ocrx_word' id='word_1_85' title='bbox 987 848 1159 889; x_wconf 89' lang='lat' dir='ltr'>officior.</span> <span class='ocrx_word' id='word_1_86' title='bbox 1204 849 1424 888; x_wconf 86' lang='lat' dir='ltr'>Juvenalis</span> <span class='ocrx_word' id='word_1_87' title='bbox 1453 848 1497 887; x_wconf 89' lang='lat' dir='ltr'>in</span> <span class='ocrx_word' id='word_1_88' title='bbox 1530 850 1573 887; x_wconf 84' lang='lat' dir='ltr'>I:</span> <span class='ocrx_word' id='word_1_89' title='bbox 1611 849 1671 888; x_wconf 79' lang='lat' dir='ltr'>Et</span> <span class='ocrx_word' id='word_1_90' title='bbox 1700 862 1796 901; x_wconf 68' lang='lat' dir='ltr'>qao-</span> 
     </span>
     <span class='ocr_line' id='line_1_11' title="bbox 247 915 1796 973; baseline 0.001 -18"><span class='ocrx_word' id='word_1_91' title='bbox 247 915 350 956; x_wconf 72' lang='lat' dir='ltr'>tiens</span> <span class='ocrx_word' id='word_1_92' title='bbox 378 923 428 965; x_wconf 77' lang='lat' dir='ltr'>te,</span> <span class='ocrx_word' id='word_1_93' title='bbox 454 918 609 965; x_wconf 80' lang='lat' dir='ltr'>Roma,</span> <span class='ocrx_word' id='word_1_94' title='bbox 638 923 704 957; x_wconf 72' lang='lat' dir='ltr'>tuo</span> <span class='ocrx_word' id='word_1_95' title='bbox 726 918 848 972; x_wconf 63' lang='lat' dir='ltr'>rffiei</span> <span class='ocrx_word' id='word_1_96' title='bbox 858 925 1157 971; x_wconf 73' lang='lat' dir='ltr'>properantem</span> <span class='ocrx_word' id='word_1_97' title='bbox 1180 920 1325 960; x_wconf 72' lang='lat' dir='ltr'>reddet</span> <span class='ocrx_word' id='word_1_98' title='bbox 1345 918 1529 973; x_wconf 58' lang='lat' dir='ltr'>Aquino</span> <span class='ocrx_word' id='word_1_99' title='bbox 1577 917 1796 958; x_wconf 80' lang='lat' dir='ltr'>Lucretius</span> 
     </span>
     <span class='ocr_line' id='line_1_12' title="bbox 245 986 1796 1043; baseline 0.002 -19"><span class='ocrx_word' id='word_1_100' title='bbox 245 986 289 1024; x_wconf 91' lang='lat' dir='ltr'>in</span> <span class='ocrx_word' id='word_1_101' title='bbox 313 987 383 1025; x_wconf 83' lang='lat' dir='ltr'>II:</span> <span class='ocrx_word' id='word_1_102' title='bbox 426 988 689 1040; x_wconf 65' lang='lat' dir='ltr'>Quapropter</span> <span class='ocrx_word' id='word_1_103' title='bbox 717 989 847 1028; x_wconf 65' lang='lat' dir='ltr'>simul</span> <span class='ocrx_word' id='word_1_104' title='bbox 875 989 983 1029; x_wconf 70' lang='lat' dir='ltr'>inter</span> <span class='ocrx_word' id='word_1_105' title='bbox 1011 1004 1054 1029; x_wconf 76' lang='lat' dir='ltr'>se</span> <span class='ocrx_word' id='word_1_106' title='bbox 1085 989 1360 1030; x_wconf 67' lang='lat' dir='ltr'>retrahuntur</span> <span class='ocrx_word' id='word_1_107' title='bbox 1381 995 1421 1029; x_wconf 78' lang='lat' dir='ltr'>et</span> <span class='ocrx_word' id='word_1_108' title='bbox 1441 995 1573 1037; x_wconf 66' lang='lat' dir='ltr'>extra,</span> <span class='ocrx_word' id='word_1_109' title='bbox 1600 988 1796 1043; x_wconf 70' lang='lat' dir='ltr'>offician-</span> 
     </span>
     <span class='ocr_line' id='line_1_13' title="bbox 246 1057 1796 1113; baseline 0.001 -17"><span class='ocrx_word' id='word_1_110' title='bbox 246 1063 327 1105; x_wconf 65' lang='grc' dir='ltr'>ταν,</span> <span class='ocrx_word' id='word_1_111' title='bbox 354 1057 418 1097; x_wconf 69' lang='lat' dir='ltr'>uli</span> <span class='ocrx_word' id='word_1_112' title='bbox 437 1064 639 1111; x_wconf 65' lang='lat' dir='ltr'>coquntur</span> <span class='ocrx_word' id='word_1_113' title='bbox 661 1059 825 1099; x_wconf 70' lang='lat' dir='ltr'>tardius</span> <span class='ocrx_word' id='word_1_114' title='bbox 848 1059 924 1099; x_wconf 68' lang='lat' dir='ltr'>ire.</span> <span class='ocrx_word' id='word_1_115' title='bbox 969 1061 1007 1099; x_wconf 91' lang='lat' dir='ltr'><strong>A</strong></span> <span class='ocrx_word' id='word_1_116' title='bbox 1029 1059 1199 1113; x_wconf 90' lang='lat' dir='ltr'>proficio</span> <span class='ocrx_word' id='word_1_117' title='bbox 1223 1059 1383 1099; x_wconf 78' lang='lat' dir='ltr'>Statius</span> <span class='ocrx_word' id='word_1_118' title='bbox 1406 1059 1683 1112; x_wconf 81' lang='lat' dir='ltr'>impersonale</span> <span class='ocrx_word' id='word_1_119' title='bbox 1704 1073 1796 1111; x_wconf 89' lang='lat' dir='ltr'>pro-</span> 
     </span>
     <span class='ocr_line' id='line_1_14' title="bbox 245 1126 1796 1183; baseline 0.002 -18"><span class='ocrx_word' id='word_1_120' title='bbox 245 1126 345 1166; x_wconf 87' lang='lat' dir='ltr'>tulit</span> <span class='ocrx_word' id='word_1_121' title='bbox 376 1127 419 1166; x_wconf 92' lang='lat' dir='ltr'>in</span> <span class='ocrx_word' id='word_1_122' title='bbox 452 1129 546 1168; x_wconf 88' lang='lat' dir='ltr'>III:</span> <span class='ocrx_word' id='word_1_123' title='bbox 590 1130 825 1183; x_wconf 74' lang='lat' dir='ltr'>Profiez&#39;tar</span> <span class='ocrx_word' id='word_1_124' title='bbox 853 1130 969 1170; x_wconf 79' lang='lat' dir='ltr'>bello.</span> <span class='ocrx_word' id='word_1_125' title='bbox 1020 1130 1182 1169; x_wconf 87' lang='lat' dir='ltr'>Deficio</span> <span class='ocrx_word' id='word_1_126' title='bbox 1214 1138 1357 1169; x_wconf 88' lang='lat' dir='ltr'>autem</span> <span class='ocrx_word' id='word_1_127' title='bbox 1387 1129 1476 1169; x_wconf 87' lang='lat' dir='ltr'>loco</span> <span class='ocrx_word' id='word_1_128' title='bbox 1507 1129 1662 1182; x_wconf 84' lang='lat' dir='ltr'>passivi</span> <span class='ocrx_word' id='word_1_129' title='bbox 1690 1130 1796 1168; x_wconf 91' lang='lat' dir='ltr'>defio</span> 
     </span>
     <span class='ocr_line' id='line_1_15' title="bbox 244 1195 1795 1252; baseline 0.001 -16"><span class='ocrx_word' id='word_1_130' title='bbox 244 1195 400 1237; x_wconf 50' lang='lat' dir='ltr'>i&#39;aeitss</span> <span class='ocrx_word' id='word_1_131' title='bbox 442 1199 665 1239; x_wconf 81' lang='lat' dir='ltr'>Terentius</span> <span class='ocrx_word' id='word_1_132' title='bbox 687 1200 730 1239; x_wconf 88' lang='lat' dir='ltr'>in</span> <span class='ocrx_word' id='word_1_133' title='bbox 755 1201 987 1241; x_wconf 79' lang='lat' dir='ltr'>Eunucho:</span> <span class='ocrx_word' id='word_1_134' title='bbox 1033 1200 1163 1241; x_wconf 71' lang='lat' dir='ltr'><em>Nihil</em></span> <span class='ocrx_word' id='word_1_135' title='bbox 1181 1215 1273 1240; x_wconf 71' lang='lat' dir='ltr'>eum</span> <span class='ocrx_word' id='word_1_136' title='bbox 1295 1205 1368 1247; x_wconf 76' lang='lat' dir='ltr'>est,</span> <span class='ocrx_word' id='word_1_137' title='bbox 1394 1199 1506 1239; x_wconf 53' lang='lat' dir='ltr'>nillil</span> <span class='ocrx_word' id='word_1_138' title='bbox 1524 1200 1639 1252; x_wconf 80' lang='lat' dir='ltr'>defit.</span> <span class='ocrx_word' id='word_1_139' title='bbox 1686 1199 1795 1238; x_wconf 82' lang='lat' dir='ltr'>Cum</span> 
     </span>
     <span class='ocr_line' id='line_1_16' title="bbox 243 1268 1795 1322; baseline 0.001 -15"><span class='ocrx_word' id='word_1_140' title='bbox 243 1268 454 1321; x_wconf 79' lang='lat' dir='ltr'>passivam</span> <span class='ocrx_word' id='word_1_141' title='bbox 476 1269 561 1308; x_wconf 80' lang='lat' dir='ltr'>vim</span> <span class='ocrx_word' id='word_1_142' title='bbox 585 1270 729 1318; x_wconf 84' lang='lat' dir='ltr'>habet,</span> <span class='ocrx_word' id='word_1_143' title='bbox 754 1272 861 1311; x_wconf 86' lang='lat' dir='ltr'>defio</span> <span class='ocrx_word' id='word_1_144' title='bbox 883 1271 997 1311; x_wconf 86' lang='lat' dir='ltr'>facit.</span> <span class='ocrx_word' id='word_1_145' title='bbox 1035 1271 1146 1310; x_wconf 83' lang='lat' dir='ltr'>Sunt</span> <span class='ocrx_word' id='word_1_146' title='bbox 1169 1279 1308 1310; x_wconf 87' lang='lat' dir='ltr'>tamen</span> <span class='ocrx_word' id='word_1_147' title='bbox 1331 1270 1411 1309; x_wconf 85' lang='lat' dir='ltr'>alia</span> <span class='ocrx_word' id='word_1_148' title='bbox 1433 1284 1484 1309; x_wconf 77' lang='lat' dir='ltr'>ex</span> <span class='ocrx_word' id='word_1_149' title='bbox 1506 1284 1553 1309; x_wconf 85' lang='lat' dir='ltr'>eo</span> <span class='ocrx_word' id='word_1_150' title='bbox 1575 1269 1664 1322; x_wconf 88' lang='lat' dir='ltr'>ipso</span> <span class='ocrx_word' id='word_1_151' title='bbox 1687 1277 1727 1308; x_wconf 87' lang='lat' dir='ltr'>et</span> <span class='ocrx_word' id='word_1_152' title='bbox 1745 1283 1795 1308; x_wconf 82' lang='lat' dir='ltr'>ex</span> 
     </span>
     <span class='ocr_line' id='line_1_17' title="bbox 244 1337 1795 1394; baseline 0.001 -18"><span class='ocrx_word' id='word_1_153' title='bbox 244 1337 336 1377; x_wconf 85' lang='lat' dir='ltr'>aliis</span> <span class='ocrx_word' id='word_1_154' title='bbox 359 1339 603 1392; x_wconf 84' lang='lat' dir='ltr'>composita,</span> <span class='ocrx_word' id='word_1_155' title='bbox 620 1355 725 1393; x_wconf 88' lang='lat' dir='ltr'>quae</span> <span class='ocrx_word' id='word_1_156' title='bbox 743 1355 829 1380; x_wconf 89' lang='grc'><strong>11011</strong></span> <span class='ocrx_word' id='word_1_157' title='bbox 843 1342 980 1381; x_wconf 89' lang='lat' dir='ltr'>solum</span> <span class='ocrx_word' id='word_1_158' title='bbox 993 1341 1357 1394; x_wconf 84' lang='lat' dir='ltr'>significationem,</span> <span class='ocrx_word' id='word_1_159' title='bbox 1375 1339 1584 1379; x_wconf 80' lang='lat' dir='ltr'>sedetiam</span> <span class='ocrx_word' id='word_1_160' title='bbox 1597 1339 1795 1392; x_wconf 82' lang='lat' dir='ltr'>conjuga-</span> 
     </span>
     <span class='ocr_line' id='line_1_18' title="bbox 245 1407 1794 1464; baseline 0.001 -18"><span class='ocrx_word' id='word_1_161' title='bbox 245 1407 416 1457; x_wconf 86' lang='lat' dir='ltr'>tionem,</span> <span class='ocrx_word' id='word_1_162' title='bbox 442 1417 490 1449; x_wconf 84' lang='lat' dir='ltr'>ut</span> <span class='ocrx_word' id='word_1_163' title='bbox 511 1409 671 1449; x_wconf 87' lang='lat' dir='ltr'>dictum</span> <span class='ocrx_word' id='word_1_164' title='bbox 694 1418 771 1459; x_wconf 88' lang='lat' dir='ltr'>est,</span> <span class='ocrx_word' id='word_1_165' title='bbox 796 1419 1054 1464; x_wconf 83' lang='lat' dir='ltr'>permutant,</span> <span class='ocrx_word' id='word_1_166' title='bbox 1076 1418 1124 1451; x_wconf 88' lang='lat' dir='ltr'>ut</span> <span class='ocrx_word' id='word_1_167' title='bbox 1145 1411 1250 1451; x_wconf 82' lang='lat' dir='ltr'>facio</span> <span class='ocrx_word' id='word_1_168' title='bbox 1272 1411 1386 1458; x_wconf 77' lang='lat' dir='ltr'>faciS,</span> <span class='ocrx_word' id='word_1_169' title='bbox 1408 1410 1617 1463; x_wconf 81' lang='lat' dir='ltr'>gratificor</span> <span class='ocrx_word' id='word_1_170' title='bbox 1638 1409 1794 1462; x_wconf 80' lang='lat' dir='ltr'>gratifi-</span> 
     </span>
     <span class='ocr_line' id='line_1_19' title="bbox 243 1479 1796 1534; baseline 0.001 -17"><span class='ocrx_word' id='word_1_171' title='bbox 243 1479 362 1518; x_wconf 88' lang='lat' dir='ltr'>caris.</span> <span class='ocrx_word' id='word_1_172' title='bbox 402 1481 624 1520; x_wconf 88' lang='lat' dir='ltr'>Terentius</span> <span class='ocrx_word' id='word_1_173' title='bbox 647 1481 690 1520; x_wconf 90' lang='lat' dir='ltr'>in</span> <span class='ocrx_word' id='word_1_174' title='bbox 714 1482 1220 1521; x_wconf 84' lang='lat' dir='ltr'>Heautontimorumeno:</span> <span class='ocrx_word' id='word_1_175' title='bbox 1253 1481 1334 1521; x_wconf 69' lang='lat' dir='ltr'>Cui</span> <span class='ocrx_word' id='word_1_176' title='bbox 1354 1496 1424 1534; x_wconf 69' lang='lat' dir='ltr'>eqo</span> <span class='ocrx_word' id='word_1_177' title='bbox 1443 1479 1678 1533; x_wconf 70' lang='lat' dir='ltr'>yralifieor,</span> <span class='ocrx_word' id='word_1_178' title='bbox 1703 1479 1796 1531; x_wconf 65' lang='lat' dir='ltr'>ipsa</span> 
     </span>
     <span class='ocr_line' id='line_1_20' title="bbox 243 1550 1796 1602; baseline 0.001 -15"><span class='ocrx_word' id='word_1_179' title='bbox 243 1563 288 1588; x_wconf 79' lang='lat' dir='ltr'>re</span> <span class='ocrx_word' id='word_1_180' title='bbox 304 1550 553 1601; x_wconf 66' lang='lat' dir='ltr'>experibere.</span> <span class='ocrx_word' id='word_1_181' title='bbox 587 1551 788 1591; x_wconf 80' lang='lat' dir='ltr'>Similiter</span> <span class='ocrx_word' id='word_1_182' title='bbox 805 1551 1011 1591; x_wconf 87' lang='lat' dir='ltr'>ludificor.</span> <span class='ocrx_word' id='word_1_183' title='bbox 1042 1553 1161 1591; x_wconf 83' lang='lat' dir='ltr'>Idem</span> <span class='ocrx_word' id='word_1_184' title='bbox 1178 1552 1222 1590; x_wconf 92' lang='lat' dir='ltr'>in</span> <span class='ocrx_word' id='word_1_185' title='bbox 1237 1551 1467 1591; x_wconf 88' lang='lat' dir='ltr'>Eunucho:</span> <span class='ocrx_word' id='word_1_186' title='bbox 1497 1550 1607 1594; x_wconf 70' lang='lat' dir='ltr'>Quin</span> <span class='ocrx_word' id='word_1_187' title='bbox 1626 1550 1796 1602; x_wconf 70' lang='lat' dir='ltr'>insuper</span> 
     </span>
     <span class='ocr_line' id='line_1_21' title="bbox 241 1619 1794 1676; baseline 0.001 -18"><span class='ocrx_word' id='word_1_188' title='bbox 241 1619 388 1668; x_wconf 66' lang='lat' dir='ltr'>scelus,</span> <span class='ocrx_word' id='word_1_189' title='bbox 405 1627 630 1674; x_wconf 72' lang='lat' dir='ltr'>postquam</span> <span class='ocrx_word' id='word_1_190' title='bbox 654 1622 896 1675; x_wconf 67' lang='lat' dir='ltr'>ludificatus</span> <span class='ocrx_word' id='word_1_191' title='bbox 919 1628 978 1663; x_wconf 73' lang='lat' dir='ltr'>est</span> <span class='ocrx_word' id='word_1_192' title='bbox 998 1622 1214 1676; x_wconf 65' lang='lat' dir='ltr'>virqinem.</span> <span class='ocrx_word' id='word_1_193' title='bbox 1248 1619 1556 1661; x_wconf 58' lang='lat' dir='ltr'>Excarnifico¹2</span> <span class='ocrx_word' id='word_1_194' title='bbox 1579 1635 1673 1660; x_wconf 88' lang='lat' dir='ltr'>vero</span> <span class='ocrx_word' id='word_1_195' title='bbox 1695 1619 1794 1660; x_wconf 87' lang='lat' dir='ltr'>acti—</span> 
     </span>
     <span class='ocr_line' id='line_1_22' title="bbox 242 1690 1792 1745; baseline 0.001 -18"><span class='ocrx_word' id='word_1_196' title='bbox 242 1704 343 1729; x_wconf 85' lang='lat' dir='ltr'>vum</span> <span class='ocrx_word' id='word_1_197' title='bbox 374 1698 450 1739; x_wconf 84' lang='lat' dir='ltr'>est,</span> <span class='ocrx_word' id='word_1_198' title='bbox 477 1699 524 1731; x_wconf 91' lang='lat' dir='ltr'>ut</span> <span class='ocrx_word' id='word_1_199' title='bbox 555 1692 766 1745; x_wconf 84' lang='lat' dir='ltr'>amplifico</span> <span class='ocrx_word' id='word_1_200' title='bbox 796 1701 837 1733; x_wconf 85' lang='grc'>01</span> <span class='ocrx_word' id='word_1_201' title='bbox 867 1694 1044 1733; x_wconf 83' lang='lat' dir='ltr'>velifico.</span> <span class='ocrx_word' id='word_1_202' title='bbox 1090 1692 1314 1732; x_wconf 86' lang='lat' dir='ltr'>Terentius</span> <span class='ocrx_word' id='word_1_203' title='bbox 1347 1691 1389 1731; x_wconf 87' lang='lat' dir='ltr'>in</span> <span class='ocrx_word' id='word_1_204' title='bbox 1416 1690 1792 1731; x_wconf 80' lang='lat' dir='ltr'>Heautontimoru-</span> 
     </span>
     <span class='ocr_line' id='line_1_23' title="bbox 242 1761 1792 1816; baseline 0 -17"><span class='ocrx_word' id='word_1_205' title='bbox 242 1774 387 1800; x_wconf 87' lang='lat' dir='ltr'>meno:</span> <span class='ocrx_word' id='word_1_206' title='bbox 437 1762 520 1801; x_wconf 69' lang='lat' dir='ltr'>sz’</span> <span class='ocrx_word' id='word_1_207' title='bbox 557 1777 620 1801; x_wconf 81' lang='lat' dir='ltr'>me</span> <span class='ocrx_word' id='word_1_208' title='bbox 657 1763 942 1816; x_wconf 66' lang='lat' dir='ltr'>ereccrnffiees.</span> <span class='ocrx_word' id='word_1_209' title='bbox 995 1764 1021 1803; x_wconf 87' lang='lat' dir='ltr'>J</span> <span class='ocrx_word' id='word_1_210' title='bbox 1026 1763 1215 1802; x_wconf 81' lang='lat' dir='ltr'>uvenalis</span> <span class='ocrx_word' id='word_1_211' title='bbox 1248 1762 1292 1802; x_wconf 91' lang='lat' dir='ltr'>in</span> <span class='ocrx_word' id='word_1_212' title='bbox 1324 1770 1491 1815; x_wconf 89' lang='lat' dir='ltr'>quarto:</span> <span class='ocrx_word' id='word_1_213' title='bbox 1546 1761 1792 1814; x_wconf 66' lang='lat' dir='ltr'>Velg&#39;fieatus</span> 
     </span>
     <span class='ocr_line' id='line_1_24' title="bbox 242 1830 1793 1886; baseline 0 -17"><span class='ocrx_word' id='word_1_214' title='bbox 242 1830 392 1879; x_wconf 73' lang='lat' dir='ltr'>Athos,</span> <span class='ocrx_word' id='word_1_215' title='bbox 415 1837 455 1871; x_wconf 80' lang='lat' dir='ltr'>et</span> <span class='ocrx_word' id='word_1_216' title='bbox 474 1833 675 1886; x_wconf 66' lang='lat' dir='ltr'>quiequid</span> <span class='ocrx_word' id='word_1_217' title='bbox 696 1833 877 1873; x_wconf 67' lang='lat' dir='ltr'>Graecia</span> <span class='ocrx_word' id='word_1_218' title='bbox 900 1835 1080 1873; x_wconf 66' lang='lat' dir='ltr'>mendax</span> <span class='ocrx_word' id='word_1_219' title='bbox 1102 1834 1230 1873; x_wconf 68' lang='lat' dir='ltr'>audet</span> <span class='ocrx_word' id='word_1_220' title='bbox 1250 1833 1293 1872; x_wconf 72' lang='lat' dir='ltr'>in</span> <span class='ocrx_word' id='word_1_221' title='bbox 1310 1832 1500 1880; x_wconf 69' lang='lat' dir='ltr'>historia,</span> <span class='ocrx_word' id='word_1_222' title='bbox 1522 1831 1684 1885; x_wconf 84' lang='lat' dir='ltr'>passive</span> <span class='ocrx_word' id='word_1_223' title='bbox 1702 1845 1793 1884; x_wconf 85' lang='lat' dir='ltr'>pro-</span> 
     </span>
     <span class='ocr_line' id='line_1_25' title="bbox 243 1901 1793 1956; baseline 0.001 -17"><span class='ocrx_word' id='word_1_224' title='bbox 243 1901 355 1940; x_wconf 76' lang='lat' dir='ltr'>tulit.</span> <span class='ocrx_word' id='word_1_225' title='bbox 394 1902 622 1942; x_wconf 84' lang='lat' dir='ltr'>Sciendum</span> <span class='ocrx_word' id='word_1_226' title='bbox 645 1911 799 1951; x_wconf 82' lang='lat' dir='ltr'>tamen,</span> <span class='ocrx_word' id='word_1_227' title='bbox 822 1905 933 1956; x_wconf 87' lang='lat' dir='ltr'>quod</span> <span class='ocrx_word' id='word_1_228' title='bbox 954 1912 995 1943; x_wconf 90' lang='lat' dir='ltr'>et</span> <span class='ocrx_word' id='word_1_229' title='bbox 1016 1904 1122 1943; x_wconf 84' lang='lat' dir='ltr'>facio</span> <span class='ocrx_word' id='word_1_230' title='bbox 1144 1912 1185 1943; x_wconf 85' lang='lat' dir='ltr'>et</span> <span class='ocrx_word' id='word_1_231' title='bbox 1204 1903 1344 1951; x_wconf 88' lang='lat' dir='ltr'>facior,</span> <span class='ocrx_word' id='word_1_232' title='bbox 1366 1910 1413 1941; x_wconf 92' lang='lat' dir='ltr'>ut</span> <span class='ocrx_word' id='word_1_233' title='bbox 1431 1902 1704 1948; x_wconf 78' lang='lat' dir='ltr'>ostendimus,</span> <span class='ocrx_word' id='word_1_234' title='bbox 1727 1916 1793 1941; x_wconf 87' lang='lat' dir='ltr'>ve-</span> 
     </span>
     <span class='ocr_line' id='line_1_26' title="bbox 243 1971 1789 2026; baseline 0.001 -17"><span class='ocrx_word' id='word_1_235' title='bbox 243 1971 464 2011; x_wconf 85' lang='lat' dir='ltr'>tustissimi</span> <span class='ocrx_word' id='word_1_236' title='bbox 486 1973 764 2026; x_wconf 84' lang='lat' dir='ltr'>proferebant.</span> <span class='ocrx_word' id='word_1_237' title='bbox 810 1973 856 2013; x_wconf 85' lang='lat' dir='ltr'>Si</span> <span class='ocrx_word' id='word_1_238' title='bbox 886 1988 981 2013; x_wconf 87' lang='lat' dir='ltr'>vero</span> <span class='ocrx_word' id='word_1_239' title='bbox 1013 1974 1119 2013; x_wconf 89' lang='lat' dir='ltr'>facio</span> <span class='ocrx_word' id='word_1_240' title='bbox 1144 1974 1210 2012; x_wconf 91' lang='lat' dir='ltr'>vel</span> <span class='ocrx_word' id='word_1_241' title='bbox 1231 1974 1286 2012; x_wconf 89' lang='lat' dir='ltr'>fio</span> <span class='ocrx_word' id='word_1_242' title='bbox 1308 1972 1482 2025; x_wconf 81' lang='lat' dir='ltr'>integris</span> <span class='ocrx_word' id='word_1_243' title='bbox 1504 1972 1789 2019; x_wconf 87' lang='lat' dir='ltr'>manentibus,</span> 
     </span>
     <span class='ocr_line' id='line_1_27' title="bbox 242 2041 1793 2096; baseline 0.001 -17"><span class='ocrx_word' id='word_1_244' title='bbox 242 2041 357 2080; x_wconf 88' lang='lat' dir='ltr'>aliud</span> <span class='ocrx_word' id='word_1_245' title='bbox 378 2043 552 2082; x_wconf 84' lang='lat' dir='ltr'>verbum</span> <span class='ocrx_word' id='word_1_246' title='bbox 573 2043 792 2083; x_wconf 85' lang='lat' dir='ltr'>infinitum</span> <span class='ocrx_word' id='word_1_247' title='bbox 814 2051 910 2083; x_wconf 89' lang='lat' dir='ltr'>ante</span> <span class='ocrx_word' id='word_1_248' title='bbox 933 2058 980 2083; x_wconf 87' lang='lat' dir='ltr'>ea</span> <span class='ocrx_word' id='word_1_249' title='bbox 1001 2050 1292 2096; x_wconf 88' lang='lat' dir='ltr'>componatur,</span> <span class='ocrx_word' id='word_1_250' title='bbox 1316 2057 1401 2082; x_wconf 90' lang='lat' dir='ltr'>non</span> <span class='ocrx_word' id='word_1_251' title='bbox 1425 2042 1561 2081; x_wconf 88' lang='lat' dir='ltr'>solum</span> <span class='ocrx_word' id='word_1_252' title='bbox 1584 2041 1793 2094; x_wconf 81' lang='lat' dir='ltr'>significa-</span> 
     </span>
     <span class='ocr_line' id='line_1_28' title="bbox 243 2111 1787 2167; baseline 0 -17"><span class='ocrx_word' id='word_1_253' title='bbox 243 2111 376 2151; x_wconf 82' lang='lat' dir='ltr'>tiones</span> <span class='ocrx_word' id='word_1_254' title='bbox 400 2119 441 2152; x_wconf 87' lang='lat' dir='ltr'>et</span> <span class='ocrx_word' id='word_1_255' title='bbox 462 2113 778 2166; x_wconf 82' lang='lat' dir='ltr'>conjugationes</span> <span class='ocrx_word' id='word_1_256' title='bbox 800 2113 985 2167; x_wconf 79' lang='lat' dir='ltr'>integras</span> <span class='ocrx_word' id='word_1_257' title='bbox 1005 2113 1063 2153; x_wconf 86' lang='lat' dir='ltr'>eis</span> <span class='ocrx_word' id='word_1_258' title='bbox 1086 2127 1313 2161; x_wconf 76' lang='lat' dir='ltr'>servamuS,</span> <span class='ocrx_word' id='word_1_259' title='bbox 1335 2113 1406 2152; x_wconf 87' lang='lat' dir='ltr'>sed</span> <span class='ocrx_word' id='word_1_260' title='bbox 1428 2112 1553 2151; x_wconf 88' lang='lat' dir='ltr'>etiam</span> <span class='ocrx_word' id='word_1_261' title='bbox 1576 2119 1787 2159; x_wconf 85' lang='lat' dir='ltr'>accentus,</span> 
     </span>
     <span class='ocr_line' id='line_1_29' title="bbox 242 2181 1793 2237; baseline -0.001 -16"><span class='ocrx_word' id='word_1_262' title='bbox 242 2190 288 2222; x_wconf 86' lang='lat' dir='ltr'>ut</span> <span class='ocrx_word' id='word_1_263' title='bbox 309 2183 505 2223; x_wconf 83' lang='lat' dir='ltr'>calefacio</span> <span class='ocrx_word' id='word_1_264' title='bbox 527 2183 717 2223; x_wconf 89' lang='lat' dir='ltr'>calefacis</span> <span class='ocrx_word' id='word_1_265' title='bbox 740 2183 943 2233; x_wconf 81' lang='lat' dir='ltr'>calefacit,</span> <span class='ocrx_word' id='word_1_266' title='bbox 970 2183 1169 2237; x_wconf 81' lang='lat' dir='ltr'>tepefacio</span> <span class='ocrx_word' id='word_1_267' title='bbox 1192 2182 1388 2236; x_wconf 84' lang='lat' dir='ltr'>tepefacis</span> <span class='ocrx_word' id='word_1_268' title='bbox 1411 2181 1620 2235; x_wconf 84' lang='lat' dir='ltr'>tepefacit.</span> <span class='ocrx_word' id='word_1_269' title='bbox 1658 2182 1708 2220; x_wconf 90' lang='lat' dir='ltr'>In</span> <span class='ocrx_word' id='word_1_270' title='bbox 1733 2195 1793 2220; x_wconf 89' lang='lat' dir='ltr'>se-</span> 
     </span>
     <span class='ocr_line' id='line_1_30' title="bbox 240 2251 1793 2308; baseline -0.001 -16"><span class='ocrx_word' id='word_1_271' title='bbox 240 2254 378 2292; x_wconf 83' lang='lat' dir='ltr'>cunda</span> <span class='ocrx_word' id='word_1_272' title='bbox 399 2253 513 2292; x_wconf 88' lang='lat' dir='ltr'>enim</span> <span class='ocrx_word' id='word_1_273' title='bbox 534 2262 575 2293; x_wconf 91' lang='lat' dir='ltr'>et</span> <span class='ocrx_word' id='word_1_274' title='bbox 604 2253 725 2294; x_wconf 85' lang='lat' dir='ltr'>tertia</span> <span class='ocrx_word' id='word_1_275' title='bbox 754 2269 932 2307; x_wconf 87' lang='lat' dir='ltr'>persona</span> <span class='ocrx_word' id='word_1_276' title='bbox 959 2253 1215 2308; x_wconf 86' lang='lat' dir='ltr'>penultimas</span> <span class='ocrx_word' id='word_1_277' title='bbox 1238 2253 1443 2301; x_wconf 86' lang='lat' dir='ltr'>acuimus,</span> <span class='ocrx_word' id='word_1_278' title='bbox 1471 2251 1660 2305; x_wconf 84' lang='lat' dir='ltr'>quamvis</span> <span class='ocrx_word' id='word_1_279' title='bbox 1693 2258 1793 2290; x_wconf 90' lang='lat' dir='ltr'>sunt</span> 
     </span>
     <span class='ocr_line' id='line_1_31' title="bbox 240 2322 1792 2377; baseline -0.002 -14"><span class='ocrx_word' id='word_1_280' title='bbox 240 2325 398 2363; x_wconf 88' lang='lat' dir='ltr'>breves.</span> <span class='ocrx_word' id='word_1_281' title='bbox 429 2324 632 2364; x_wconf 83' lang='lat' dir='ltr'>Similiter</span> <span class='ocrx_word' id='word_1_282' title='bbox 648 2324 793 2364; x_wconf 90' lang='lat' dir='ltr'>calefio</span> <span class='ocrx_word' id='word_1_283' title='bbox 810 2324 949 2364; x_wconf 86' lang='lat' dir='ltr'>calefis</span> <span class='ocrx_word' id='word_1_284' title='bbox 967 2325 1119 2373; x_wconf 84' lang='lat' dir='ltr'>calefit,</span> <span class='ocrx_word' id='word_1_285' title='bbox 1138 2325 1288 2377; x_wconf 86' lang='lat' dir='ltr'>tepefio</span> <span class='ocrx_word' id='word_1_286' title='bbox 1307 2324 1451 2376; x_wconf 86' lang='lat' dir='ltr'>tepefis</span> <span class='ocrx_word' id='word_1_287' title='bbox 1471 2323 1628 2375; x_wconf 84' lang='lat' dir='ltr'>tepefit,</span> <span class='ocrx_word' id='word_1_288' title='bbox 1646 2322 1792 2361; x_wconf 87' lang='lat' dir='ltr'>finales</span> 
     </span>
     <span class='ocr_line' id='line_1_32' title="bbox 240 2392 1791 2447; baseline -0.003 -13"><span class='ocrx_word' id='word_1_289' title='bbox 240 2402 406 2434; x_wconf 86' lang='lat' dir='ltr'>servant</span> <span class='ocrx_word' id='word_1_290' title='bbox 427 2402 623 2434; x_wconf 81' lang='lat' dir='ltr'>accentus</span> <span class='ocrx_word' id='word_1_291' title='bbox 647 2394 690 2434; x_wconf 93' lang='lat' dir='ltr'>in</span> <span class='ocrx_word' id='word_1_292' title='bbox 713 2396 897 2434; x_wconf 84' lang='lat' dir='ltr'>secunda</span> <span class='ocrx_word' id='word_1_293' title='bbox 918 2402 959 2434; x_wconf 87' lang='lat' dir='ltr'>et</span> <span class='ocrx_word' id='word_1_294' title='bbox 982 2394 1104 2434; x_wconf 89' lang='lat' dir='ltr'>tertia</span> <span class='ocrx_word' id='word_1_295' title='bbox 1124 2408 1315 2447; x_wconf 86' lang='lat' dir='ltr'>persona,</span> <span class='ocrx_word' id='word_1_296' title='bbox 1338 2408 1440 2446; x_wconf 89' lang='lat' dir='ltr'>quos</span> <span class='ocrx_word' id='word_1_297' title='bbox 1460 2393 1617 2432; x_wconf 87' lang='lat' dir='ltr'>habent</span> <span class='ocrx_word' id='word_1_298' title='bbox 1634 2392 1677 2431; x_wconf 90' lang='lat' dir='ltr'>in</span> <span class='ocrx_word' id='word_1_299' title='bbox 1695 2392 1791 2431; x_wconf 80' lang='lat' dir='ltr'>sini-</span> 
     </span>
     <span class='ocr_line' id='line_1_33' title="bbox 239 2465 1791 2517; baseline -0.001 -14"><span class='ocrx_word' id='word_1_300' title='bbox 239 2465 433 2517; x_wconf 83' lang='lat' dir='ltr'>plicibus.</span> <span class='ocrx_word' id='word_1_301' title='bbox 478 2466 517 2504; x_wconf 88' lang='lat' dir='ltr'><strong>A</strong></span> <span class='ocrx_word' id='word_1_302' title='bbox 545 2472 659 2504; x_wconf 88' lang='lat' dir='ltr'>verto</span> <span class='ocrx_word' id='word_1_303' title='bbox 691 2479 857 2517; x_wconf 88' lang='lat' dir='ltr'>quoque</span> <span class='ocrx_word' id='word_1_304' title='bbox 891 2465 1026 2505; x_wconf 81' lang='lat' dir='ltr'>activo</span> <span class='ocrx_word' id='word_1_305' title='bbox 1048 2472 1208 2505; x_wconf 87' lang='lat' dir='ltr'>reverto</span> <span class='ocrx_word' id='word_1_306' title='bbox 1231 2472 1271 2504; x_wconf 88' lang='grc'>01</span> <span class='ocrx_word' id='word_1_307' title='bbox 1292 2471 1488 2511; x_wconf 86' lang='lat' dir='ltr'>revertor,</span> <span class='ocrx_word' id='word_1_308' title='bbox 1514 2470 1729 2516; x_wconf 86' lang='lat' dir='ltr'>praeverto</span> <span class='ocrx_word' id='word_1_309' title='bbox 1751 2470 1791 2501; x_wconf 83' lang='lat' dir='ltr'>et</span> 
     </span>
    </p>
   </div>
   <div class='ocr_carea' id='block_1_3' title="bbox 239 2676 1790 2948">
    <p class='ocr_par' dir='ltr' id='par_1_3' title="bbox 239 2676 1790 2779">
     <span class='ocr_line' id='line_1_34' title="bbox 239 2676 1790 2720; baseline -0.002 -10"><span class='ocrx_word' id='word_1_310' title='bbox 239 2690 299 2711; x_wconf 80' lang='lat' dir='ltr'>car</span> <span class='ocrx_word' id='word_1_311' title='bbox 316 2678 457 2711; x_wconf 66' lang='lat' dir='ltr'>(miccium</span> <span class='ocrx_word' id='word_1_312' title='bbox 478 2678 660 2711; x_wconf 75' lang='lat' dir='ltr'>indz&#39;ae&#39;tius</span> <span class='ocrx_word' id='word_1_313' title='bbox 680 2681 696 2710; x_wconf 75' lang='grc' dir='ltr'>Τ</span> <span class='ocrx_word' id='word_1_314' title='bbox 717 2681 754 2711; x_wconf 77' lang='lat' dir='ltr'>ni</span> <span class='ocrx_word' id='word_1_315' title='bbox 770 2678 1091 2711; x_wconf 70' lang='lat' dir='ltr'>airecar-2&#39;72b7·2&#39;az‘lz.</span> <span class='ocrx_word' id='word_1_316' title='bbox 1111 2690 1138 2710; x_wconf 79' lang='lat' dir='ltr'>s.</span> <span class='ocrx_word' id='word_1_317' title='bbox 1160 2678 1299 2710; x_wconf 71' lang='lat' dir='ltr'>hicoms.</span> <span class='ocrx_word' id='word_1_318' title='bbox 1354 2680 1391 2709; x_wconf 80' lang='lat'>12</span> <span class='ocrx_word' id='word_1_319' title='bbox 1423 2676 1494 2720; x_wconf 80' lang='lat' dir='ltr'>(Pr.</span> <span class='ocrx_word' id='word_1_320' title='bbox 1512 2676 1590 2720; x_wconf 85' lang='lat' dir='ltr'>Sg.)</span> <span class='ocrx_word' id='word_1_321' title='bbox 1612 2688 1679 2708; x_wconf 79' lang='lat' dir='ltr'>am.</span> <span class='ocrx_word' id='word_1_322' title='bbox 1702 2679 1790 2708; x_wconf 71' lang='lat' dir='ltr'>asn&#39;z-</span> 
     </span>
     <span class='ocr_line' id='line_1_35' title="bbox 241 2734 643 2779; baseline -0.005 -12"><span class='ocrx_word' id='word_1_323' title='bbox 241 2735 368 2768; x_wconf 63' lang='lat' dir='ltr'>eriath.</span> <span class='ocrx_word' id='word_1_324' title='bbox 386 2737 508 2778; x_wconf 71' lang='lat' dir='ltr'>ym&#39;ma</span> <span class='ocrx_word' id='word_1_325' title='bbox 526 2734 643 2779; x_wconf 69' lang='lat' dir='ltr'>aperio</span> 
     </span>
    </p>

    <p class='ocr_par' dir='ltr' id='par_1_4' title="bbox 239 2788 1787 2948">
     <span class='ocr_line' id='line_1_36' title="bbox 336 2788 1785 2836; baseline -0.002 -13"><span class='ocrx_word' id='word_1_326' title='bbox 336 2793 370 2823; x_wconf 84' lang='lat'>13</span> <span class='ocrx_word' id='word_1_327' title='bbox 402 2791 473 2835; x_wconf 89' lang='lat' dir='ltr'>(Pr.</span> <span class='ocrx_word' id='word_1_328' title='bbox 496 2791 557 2836; x_wconf 87' lang='lat' dir='ltr'>Sg.</span> <span class='ocrx_word' id='word_1_329' title='bbox 583 2792 673 2836; x_wconf 59' lang='lat'><strong>146³)</strong></span> <span class='ocrx_word' id='word_1_330' title='bbox 695 2791 730 2824; x_wconf 91' lang='lat' dir='ltr'>in</span> <span class='ocrx_word' id='word_1_331' title='bbox 757 2791 834 2824; x_wconf 82' lang='lat' dir='ltr'>cod.</span> <span class='ocrx_word' id='word_1_332' title='bbox 852 2806 859 2824; x_wconf 79' lang='lat' dir='ltr'>z</span> <span class='ocrx_word' id='word_1_333' title='bbox 887 2791 1019 2824; x_wconf 84' lang='lat' dir='ltr'>difficio</span> <span class='ocrx_word' id='word_1_334' title='bbox 1042 2797 1160 2823; x_wconf 85' lang='lat' dir='ltr'>autem</span> <span class='ocrx_word' id='word_1_335' title='bbox 1179 2791 1256 2824; x_wconf 88' lang='lat' dir='ltr'>loco</span> <span class='ocrx_word' id='word_1_336' title='bbox 1276 2791 1406 2835; x_wconf 70' lang='lat' dir='ltr'>passivi</span> <span class='ocrx_word' id='word_1_337' title='bbox 1425 2790 1549 2823; x_wconf 83' lang='lat' dir='ltr'>deficio</span> <span class='ocrx_word' id='word_1_338' title='bbox 1567 2789 1651 2822; x_wconf 82' lang='lat' dir='ltr'>facit</span> <span class='ocrx_word' id='word_1_339' title='bbox 1672 2801 1707 2821; x_wconf 86' lang='lat'>.1.</span> <span class='ocrx_word' id='word_1_340' title='bbox 1730 2788 1785 2820; x_wconf 62' lang='grc' dir='ltr'>ἴδε.</span> 
     </span>
     <span class='ocr_line' id='line_1_37' title="bbox 239 2844 1787 2893; baseline -0.002 -14"><span class='ocrx_word' id='word_1_341' title='bbox 239 2848 340 2880; x_wconf 72' lang='lat' dir='ltr'>‹csber</span> <span class='ocrx_word' id='word_1_342' title='bbox 366 2848 421 2880; x_wconf 76' lang='grc' dir='ltr'>11ίο</span> <span class='ocrx_word' id='word_1_343' title='bbox 447 2848 567 2881; x_wconf 75' lang='lat' dir='ltr'>asberr</span> <span class='ocrx_word' id='word_1_344' title='bbox 591 2847 685 2881; x_wconf 71' lang='lat' dir='ltr'>chz&#39;ctl</span> <span class='ocrx_word' id='word_1_345' title='bbox 700 2848 789 2880; x_wconf 71' lang='lat' dir='ltr'>ebes.</span> <span class='ocrx_word' id='word_1_346' title='bbox 810 2847 925 2880; x_wconf 61' lang='lat' dir='ltr'>osiride?</span> <span class='ocrx_word' id='word_1_347' title='bbox 948 2847 1121 2893; x_wconf 66' lang='lat' dir='ltr'>(1.scl{fficio</span> <span class='ocrx_word' id='word_1_348' title='bbox 1139 2848 1275 2892; x_wconf 73' lang='lat' dir='ltr'>quando</span> <span class='ocrx_word' id='word_1_349' title='bbox 1291 2860 1355 2891; x_wconf 74' lang='lat' dir='ltr'>pro</span> <span class='ocrx_word' id='word_1_350' title='bbox 1376 2846 1495 2880; x_wconf 74' lang='lat' dir='ltr'>uincor</span> <span class='ocrx_word' id='word_1_351' title='bbox 1512 2846 1681 2890; x_wconf 71' lang='lat' dir='ltr'>accipitur</span> <span class='ocrx_word' id='word_1_352' title='bbox 1700 2849 1736 2877; x_wconf 70' lang='lat' dir='ltr'>ut</span> <span class='ocrx_word' id='word_1_353' title='bbox 1756 2844 1787 2876; x_wconf 75' lang='lat' dir='ltr'>in</span> 
     </span>
     <span class='ocr_line' id='line_1_38' title="bbox 240 2903 1019 2948; baseline 0.001 -13"><span class='ocrx_word' id='word_1_354' title='bbox 240 2907 320 2936; x_wconf 78' lang='lat' dir='ltr'>ante</span> <span class='ocrx_word' id='word_1_355' title='bbox 337 2903 496 2937; x_wconf 74' lang='lat' dir='ltr'>ostendit.</span> <span class='ocrx_word' id='word_1_356' title='bbox 552 2906 587 2936; x_wconf 80' lang='lat' dir='ltr'>ll</span> <span class='ocrx_word' id='word_1_357' title='bbox 619 2904 689 2947; x_wconf 87' lang='lat' dir='ltr'>(Pr.</span> <span class='ocrx_word' id='word_1_358' title='bbox 712 2904 784 2947; x_wconf 84' lang='lat' dir='ltr'>Cr.)</span> <span class='ocrx_word' id='word_1_359' title='bbox 807 2904 1019 2948; x_wconf 73' lang='lat' dir='ltr'>.1.senmcc&#39;m</span> 
     </span>
    </p>
   </div>
  </div>
 </body>
</html>
