<?xml version="1.0" encoding="UTF-8"?>
<!DOCTYPE html PUBLIC "-//W3C//DTD XHTML 1.0 Transitional//EN"
    "http://www.w3.org/TR/xhtml1/DTD/xhtml1-transitional.dtd">
<html xmlns="http://www.w3.org/1999/xhtml" xml:lang="en" lang="en">
 <head>
  <title>
</title>
<meta http-equiv="Content-Type" content="text/html;charset=utf-8" />
  <meta name='ocr-system' content='tesseract 3.04.00' />
  <meta name='ocr-capabilities' content='ocr_page ocr_carea ocr_par ocr_line ocrx_word'/>
</head>
<body>
  <div class='ocr_page' id='page_1' title='image "./grammaticaceltic02zeus_0238.png"; bbox 0 0 1920 3220; ppageno 0'>
   <div class='ocr_carea' id='block_1_1' title="bbox 232 209 1509 252">
    <p class='ocr_par' dir='ltr' id='par_1_1' title="bbox 232 209 1509 252">
     <span class='ocr_line' id='line_1_1' title="bbox 232 209 1509 252; baseline -0.002 -2"><span class='ocrx_word' id='word_1_1' title='bbox 232 209 312 250; x_wconf 88' lang='lat'>788</span> <span class='ocrx_word' id='word_1_2' title='bbox 485 210 539 250; x_wconf 91' lang='lat' dir='ltr'>V.</span> <span class='ocrx_word' id='word_1_3' title='bbox 569 214 604 248; x_wconf 95' lang='lat'>1.</span> <span class='ocrx_word' id='word_1_4' title='bbox 650 220 891 249; x_wconf 81' lang='lat' dir='ltr'><strong>DERIVATIO</strong></span> <span class='ocrx_word' id='word_1_5' title='bbox 914 221 1184 248; x_wconf 77' lang='lat' dir='ltr'>BRITANNICA</span> <span class='ocrx_word' id='word_1_6' title='bbox 1206 220 1509 252; x_wconf 79' lang='lat' dir='ltr'><strong>L[QU1DARUM.</strong></span> 
     </span>
    </p>
   </div>
   <div class='ocr_carea' id='block_1_2' title="bbox 231 321 1804 2136">
    <p class='ocr_par' dir='ltr' id='par_1_2' title="bbox 232 321 1788 727">
     <span class='ocr_line' id='line_1_2' title="bbox 232 321 1783 376; baseline -0.003 -13"><span class='ocrx_word' id='word_1_7' title='bbox 232 331 314 364; x_wconf 85' lang='lat' dir='ltr'><strong>vet.</strong></span> <span class='ocrx_word' id='word_1_8' title='bbox 335 322 501 376; x_wconf 72' lang='lat' dir='ltr'>pupall,</span> <span class='ocrx_word' id='word_1_9' title='bbox 522 338 564 376; x_wconf 90' lang='lat' dir='ltr'>p.</span> <span class='ocrx_word' id='word_1_10' title='bbox 590 324 687 374; x_wconf 89' lang='lat'><strong>185)</strong></span> <span class='ocrx_word' id='word_1_11' title='bbox 706 321 821 361; x_wconf 81' lang='lat' dir='ltr'><strong>Mab.</strong></span> <span class='ocrx_word' id='word_1_12' title='bbox 847 325 883 370; x_wconf 86' lang='lat'>1,</span> <span class='ocrx_word' id='word_1_13' title='bbox 907 323 973 361; x_wconf 93' lang='lat'>25.</span> <span class='ocrx_word' id='word_1_14' title='bbox 997 325 1092 361; x_wconf 83' lang='lat'><strong>239.</strong></span> <span class='ocrx_word' id='word_1_15' title='bbox 1116 325 1211 361; x_wconf 84' lang='lat'><strong>253.</strong></span> <span class='ocrx_word' id='word_1_16' title='bbox 1230 324 1326 360; x_wconf 91' lang='lat'><strong>277.</strong></span> <span class='ocrx_word' id='word_1_17' title='bbox 1345 324 1442 360; x_wconf 91' lang='lat'><strong>278.</strong></span> <span class='ocrx_word' id='word_1_18' title='bbox 1460 324 1499 369; x_wconf 92' lang='lat'><strong>2,</strong></span> <span class='ocrx_word' id='word_1_19' title='bbox 1517 323 1594 360; x_wconf 85' lang='grc'>382</span> <span class='ocrx_word' id='word_1_20' title='bbox 1614 335 1694 374; x_wconf 88' lang='lat' dir='ltr'><strong>sq.,</strong></span> <span class='ocrx_word' id='word_1_21' title='bbox 1715 321 1783 359; x_wconf 89' lang='lat' dir='ltr'>eui</span> 
     </span>
     <span class='ocr_line' id='line_1_3' title="bbox 233 390 1783 445; baseline -0.003 -12"><span class='ocrx_word' id='word_1_22' title='bbox 233 393 440 433; x_wconf 74' lang='lat' dir='ltr'>contraria</span> <span class='ocrx_word' id='word_1_23' title='bbox 461 400 524 432; x_wconf 87' lang='lat' dir='ltr'>est</span> <span class='ocrx_word' id='word_1_24' title='bbox 544 392 747 432; x_wconf 86' lang='lat' dir='ltr'>hodierna</span> <span class='ocrx_word' id='word_1_25' title='bbox 769 391 916 445; x_wconf 84' lang='lat' dir='ltr'>lingua</span> <span class='ocrx_word' id='word_1_26' title='bbox 936 392 1119 432; x_wconf 89' lang='lat' dir='ltr'>formans</span> <span class='ocrx_word' id='word_1_27' title='bbox 1140 391 1291 444; x_wconf 78' lang='lat' dir='ltr'>pabell</span> <span class='ocrx_word' id='word_1_28' title='bbox 1307 390 1423 439; x_wconf 87' lang='lat' dir='ltr'>fem.,</span> <span class='ocrx_word' id='word_1_29' title='bbox 1449 390 1508 444; x_wconf 88' lang='lat' dir='ltr'>pl.</span> <span class='ocrx_word' id='word_1_30' title='bbox 1523 391 1685 445; x_wconf 74' lang='lat' dir='ltr'>pebyll,</span> <span class='ocrx_word' id='word_1_31' title='bbox 1711 391 1783 430; x_wconf 90' lang='lat' dir='ltr'>sed</span> 
     </span>
     <span class='ocr_line' id='line_1_4' title="bbox 232 460 1779 519; baseline -0.002 -16"><span class='ocrx_word' id='word_1_32' title='bbox 232 463 422 519; x_wconf 71' lang='lat' dir='ltr'>ystafell,</span> <span class='ocrx_word' id='word_1_33' title='bbox 437 463 496 516; x_wconf 90' lang='lat' dir='ltr'>pl.</span> <span class='ocrx_word' id='word_1_34' title='bbox 516 462 790 517; x_wconf 72' lang='lat' dir='ltr'>yslccfellodd.</span> <span class='ocrx_word' id='word_1_35' title='bbox 824 463 884 502; x_wconf 86' lang='lat' dir='ltr'>Ut</span> <span class='ocrx_word' id='word_1_36' title='bbox 890 462 1040 516; x_wconf 70' lang='lat' dir='ltr'>pehyll</span> <span class='ocrx_word' id='word_1_37' title='bbox 1053 461 1179 501; x_wconf 88' lang='lat' dir='ltr'>etiam</span> <span class='ocrx_word' id='word_1_38' title='bbox 1185 461 1387 515; x_wconf 69' lang='lat' dir='ltr'>ffi&#39;owyll</span> <span class='ocrx_word' id='word_1_39' title='bbox 1401 460 1650 514; x_wconf 83' lang='lat' dir='ltr'>(flagellum)</span> <span class='ocrx_word' id='word_1_40' title='bbox 1664 462 1779 500; x_wconf 87' lang='lat' dir='ltr'><strong>Mab.</strong></span> 
     </span>
     <span class='ocr_line' id='line_1_5' title="bbox 237 530 1788 584; baseline -0.001 -12"><span class='ocrx_word' id='word_1_41' title='bbox 237 537 275 583; x_wconf 87' lang='lat'><strong>2,</strong></span> <span class='ocrx_word' id='word_1_42' title='bbox 307 538 372 572; x_wconf 91' lang='lat'>11.</span> <span class='ocrx_word' id='word_1_43' title='bbox 425 533 478 572; x_wconf 90' lang='lat' dir='ltr'>In</span> <span class='ocrx_word' id='word_1_44' title='bbox 508 532 692 572; x_wconf 77' lang='lat' dir='ltr'>Vocab.:</span> <span class='ocrx_word' id='word_1_45' title='bbox 716 532 853 584; x_wconf 76' lang='lat' dir='ltr'>padel</span> <span class='ocrx_word' id='word_1_46' title='bbox 879 533 1107 584; x_wconf 76' lang='lat' dir='ltr'>(sartago),</span> <span class='ocrx_word' id='word_1_47' title='bbox 1141 531 1291 571; x_wconf 74' lang='lat' dir='ltr'>stezcell</span> <span class='ocrx_word' id='word_1_48' title='bbox 1318 530 1610 583; x_wconf 86' lang='lat' dir='ltr'>(triclinium),</span> <span class='ocrx_word' id='word_1_49' title='bbox 1643 530 1788 571; x_wconf 70' lang='lat' dir='ltr'>sendel</span> 
     </span>
     <span class='ocr_line' id='line_1_6' title="bbox 236 601 1785 657; baseline -0.002 -14"><span class='ocrx_word' id='word_1_50' title='bbox 236 603 415 655; x_wconf 77' lang='lat' dir='ltr'>(discus3</span> <span class='ocrx_word' id='word_1_51' title='bbox 445 603 599 642; x_wconf 86' lang='lat' dir='ltr'>cambr.</span> <span class='ocrx_word' id='word_1_52' title='bbox 626 603 786 657; x_wconf 73' lang='lat' dir='ltr'>(lyscyl,</span> <span class='ocrx_word' id='word_1_53' title='bbox 814 603 967 657; x_wconf 65' lang='lat' dir='ltr'>(lysfsyl</span> <span class='ocrx_word' id='word_1_54' title='bbox 985 602 1101 641; x_wconf 79' lang='lat' dir='ltr'><strong>Mab.</strong></span> <span class='ocrx_word' id='word_1_55' title='bbox 1130 606 1168 650; x_wconf 87' lang='lat'>1,</span> <span class='ocrx_word' id='word_1_56' title='bbox 1195 604 1290 640; x_wconf 82' lang='grc'>248.</span> <span class='ocrx_word' id='word_1_57' title='bbox 1319 603 1440 654; x_wconf 70' lang='grc'>295),</span> <span class='ocrx_word' id='word_1_58' title='bbox 1466 601 1510 641; x_wconf 91' lang='lat' dir='ltr'>in</span> <span class='ocrx_word' id='word_1_59' title='bbox 1534 603 1660 641; x_wconf 87' lang='lat' dir='ltr'>Pass:</span> <span class='ocrx_word' id='word_1_60' title='bbox 1695 616 1785 641; x_wconf 71' lang='lat' dir='ltr'>sczc-</span> 
     </span>
     <span class='ocr_line' id='line_1_7' title="bbox 236 673 1384 727; baseline -0.003 -13"><span class='ocrx_word' id='word_1_61' title='bbox 236 675 324 714; x_wconf 75' lang='lat' dir='ltr'>dell</span> <span class='ocrx_word' id='word_1_62' title='bbox 343 674 480 727; x_wconf 81' lang='lat' dir='ltr'>(lanx)</span> <span class='ocrx_word' id='word_1_63' title='bbox 505 677 572 721; x_wconf 83' lang='grc'>43,</span> <span class='ocrx_word' id='word_1_64' title='bbox 602 677 639 712; x_wconf 96' lang='lat'>3.</span> <span class='ocrx_word' id='word_1_65' title='bbox 668 673 810 727; x_wconf 66' lang='lat' dir='ltr'>towyll</span> <span class='ocrx_word' id='word_1_66' title='bbox 831 673 1197 724; x_wconf 64' lang='lat' dir='ltr'>(instrumentum)</span> <span class='ocrx_word' id='word_1_67' title='bbox 1226 675 1318 720; x_wconf 84' lang='lat'><strong>156,</strong></span> <span class='ocrx_word' id='word_1_68' title='bbox 1346 676 1384 711; x_wconf 82' lang='lat'>4.</span> 
     </span>
    </p>

    <p class='ocr_par' dir='ltr' id='par_1_3' title="bbox 231 739 1794 1503">
     <span class='ocr_line' id='line_1_8' title="bbox 351 739 1783 795; baseline -0.003 -11"><span class='ocrx_word' id='word_1_69' title='bbox 351 745 481 793; x_wconf 88' lang='lat' dir='ltr'>ALL,</span> <span class='ocrx_word' id='word_1_70' title='bbox 508 744 635 792; x_wconf 80' lang='lat' dir='ltr'>ELL,</span> <span class='ocrx_word' id='word_1_71' title='bbox 670 743 768 782; x_wconf 92' lang='lat' dir='ltr'>ILL</span> <span class='ocrx_word' id='word_1_72' title='bbox 800 742 844 782; x_wconf 87' lang='lat' dir='ltr'>in</span> <span class='ocrx_word' id='word_1_73' title='bbox 875 742 966 781; x_wconf 86' lang='lat' dir='ltr'>aliis</span> <span class='ocrx_word' id='word_1_74' title='bbox 996 756 1118 795; x_wconf 87' lang='lat' dir='ltr'>porro</span> <span class='ocrx_word' id='word_1_75' title='bbox 1149 742 1447 792; x_wconf 79' lang='lat' dir='ltr'>substantivis,</span> <span class='ocrx_word' id='word_1_76' title='bbox 1481 742 1526 782; x_wconf 89' lang='lat' dir='ltr'>in</span> <span class='ocrx_word' id='word_1_77' title='bbox 1555 739 1783 794; x_wconf 75' lang='lat' dir='ltr'>adjectivis,</span> 
     </span>
     <span class='ocr_line' id='line_1_9' title="bbox 238 811 1791 865; baseline -0.003 -10"><span class='ocrx_word' id='word_1_78' title='bbox 238 815 387 855; x_wconf 87' lang='lat' dir='ltr'>verbis.</span> <span class='ocrx_word' id='word_1_79' title='bbox 414 812 486 854; x_wconf 61' lang='lat' dir='ltr'>”ln</span> <span class='ocrx_word' id='word_1_80' title='bbox 508 812 724 854; x_wconf 83' lang='lat' dir='ltr'>cambrieis</span> <span class='ocrx_word' id='word_1_81' title='bbox 747 813 879 852; x_wconf 84' lang='lat' dir='ltr'>subst.</span> <span class='ocrx_word' id='word_1_82' title='bbox 900 827 907 851; x_wconf 89' lang='lat'>:</span> <span class='ocrx_word' id='word_1_83' title='bbox 935 812 1116 861; x_wconf 58' lang='lat' dir='ltr'>(mallen,</span> <span class='ocrx_word' id='word_1_84' title='bbox 1142 813 1311 852; x_wconf 69' lang='lat' dir='ltr'>meallen</span> <span class='ocrx_word' id='word_1_85' title='bbox 1335 812 1524 865; x_wconf 82' lang='lat' dir='ltr'>(malus),</span> <span class='ocrx_word' id='word_1_86' title='bbox 1549 811 1791 865; x_wconf 68' lang='lat' dir='ltr'>Anallqm&#39;d</span> 
     </span>
     <span class='ocr_line' id='line_1_10' title="bbox 238 881 1789 936; baseline -0.003 -11"><span class='ocrx_word' id='word_1_87' title='bbox 238 888 410 935; x_wconf 74' lang='lat' dir='ltr'>(nomen</span> <span class='ocrx_word' id='word_1_88' title='bbox 442 884 539 936; x_wconf 81' lang='lat' dir='ltr'>viri)</span> <span class='ocrx_word' id='word_1_89' title='bbox 574 884 668 923; x_wconf 79' lang='lat' dir='ltr'><strong>Lib.</strong></span> <span class='ocrx_word' id='word_1_90' title='bbox 705 883 840 923; x_wconf 88' lang='lat' dir='ltr'>Land.</span> <span class='ocrx_word' id='word_1_91' title='bbox 871 886 964 921; x_wconf 73' lang='lat'><strong>164.</strong></span> <span class='ocrx_word' id='word_1_92' title='bbox 994 886 1088 921; x_wconf 88' lang='lat'><strong>197.</strong></span> <span class='ocrx_word' id='word_1_93' title='bbox 1115 885 1217 931; x_wconf 88' lang='lat'>217,</span> <span class='ocrx_word' id='word_1_94' title='bbox 1252 881 1376 935; x_wconf 81' lang='lat' dir='ltr'>juxta</span> <span class='ocrx_word' id='word_1_95' title='bbox 1411 883 1516 922; x_wconf 73' lang='lat' dir='ltr'>anal</span> <span class='ocrx_word' id='word_1_96' title='bbox 1548 881 1789 935; x_wconf 83' lang='lat' dir='ltr'>significans</span> 
     </span>
     <span class='ocr_line' id='line_1_11' title="bbox 238 951 1785 1007; baseline -0.002 -13"><span class='ocrx_word' id='word_1_97' title='bbox 238 956 423 995; x_wconf 86' lang='lat' dir='ltr'>fructum</span> <span class='ocrx_word' id='word_1_98' title='bbox 445 957 505 1007; x_wconf 75' lang='grc' dir='ltr'>(Ρ.</span> <span class='ocrx_word' id='word_1_99' title='bbox 535 958 648 1005; x_wconf 82' lang='grc'>786).</span> <span class='ocrx_word' id='word_1_100' title='bbox 699 953 855 993; x_wconf 74' lang='grc' dir='ltr'><em>Οαῑιαῖἰ</em></span> <span class='ocrx_word' id='word_1_101' title='bbox 874 954 1046 1003; x_wconf 86' lang='lat' dir='ltr'>(nomen</span> <span class='ocrx_word' id='word_1_102' title='bbox 1077 952 1191 993; x_wconf 88' lang='lat' dir='ltr'>canis</span> <span class='ocrx_word' id='word_1_103' title='bbox 1222 951 1414 1001; x_wconf 83' lang='lat' dir='ltr'>Arthuri,</span> <span class='ocrx_word' id='word_1_104' title='bbox 1441 953 1573 1001; x_wconf 78' lang='lat' dir='ltr'>cabal,</span> <span class='ocrx_word' id='word_1_105' title='bbox 1609 968 1652 1006; x_wconf 88' lang='lat' dir='ltr'><strong>p.</strong></span> <span class='ocrx_word' id='word_1_106' title='bbox 1682 957 1758 991; x_wconf 83' lang='grc'>156</span> <span class='ocrx_word' id='word_1_107' title='bbox 1775 969 1785 1001; x_wconf 88' lang='grc'>;</span> 
     </span>
     <span class='ocr_line' id='line_1_12' title="bbox 239 1022 1790 1076; baseline -0.001 -12"><span class='ocrx_word' id='word_1_108' title='bbox 239 1047 295 1058; x_wconf 80' lang='lat'>=</span> <span class='ocrx_word' id='word_1_109' title='bbox 315 1024 519 1076; x_wconf 76' lang='lat' dir='ltr'>caballus)</span> <span class='ocrx_word' id='word_1_110' title='bbox 544 1024 659 1063; x_wconf 66' lang='lat' dir='ltr'><strong>Mal).</strong></span> <span class='ocrx_word' id='word_1_111' title='bbox 688 1026 725 1072; x_wconf 88' lang='lat'><strong>2,</strong></span> <span class='ocrx_word' id='word_1_112' title='bbox 755 1026 821 1062; x_wconf 90' lang='lat'>22.</span> <span class='ocrx_word' id='word_1_113' title='bbox 851 1026 944 1063; x_wconf 88' lang='lat'><strong>239.</strong></span> <span class='ocrx_word' id='word_1_114' title='bbox 974 1027 1069 1062; x_wconf 73' lang='grc'>242.</span> <span class='ocrx_word' id='word_1_115' title='bbox 1114 1024 1292 1076; x_wconf 83' lang='lat' dir='ltr'>Propter</span> <span class='ocrx_word' id='word_1_116' title='bbox 1322 1022 1590 1076; x_wconf 80' lang='lat' dir='ltr'>scriptionem</span> <span class='ocrx_word' id='word_1_117' title='bbox 1620 1023 1691 1062; x_wconf 80' lang='grc' dir='ltr'>-αῖ</span> <span class='ocrx_word' id='word_1_118' title='bbox 1715 1037 1790 1076; x_wconf 86' lang='lat' dir='ltr'>pro</span> 
     </span>
     <span class='ocr_line' id='line_1_13' title="bbox 240 1093 1787 1148; baseline -0.002 -12"><span class='ocrx_word' id='word_1_119' title='bbox 240 1096 322 1136; x_wconf 75' lang='lat' dir='ltr'>-all</span> <span class='ocrx_word' id='word_1_120' title='bbox 339 1096 445 1135; x_wconf 87' lang='lat' dir='ltr'>addo</span> <span class='ocrx_word' id='word_1_121' title='bbox 467 1095 594 1134; x_wconf 76' lang='lat' dir='ltr'>etiam</span> <span class='ocrx_word' id='word_1_122' title='bbox 616 1093 754 1148; x_wconf 57' lang='lat' dir='ltr'>kqffgsl</span> <span class='ocrx_word' id='word_1_123' title='bbox 772 1096 922 1147; x_wconf 77' lang='lat' dir='ltr'>(equus</span> <span class='ocrx_word' id='word_1_124' title='bbox 942 1093 1058 1141; x_wconf 73' lang='lat' dir='ltr'>vilis,</span> <span class='ocrx_word' id='word_1_125' title='bbox 1085 1094 1136 1133; x_wconf 81' lang='lat' dir='ltr'><strong>cs.</strong></span> <span class='ocrx_word' id='word_1_126' title='bbox 1159 1093 1428 1134; x_wconf 86' lang='lat' dir='ltr'>Cabillonum</span> <span class='ocrx_word' id='word_1_127' title='bbox 1446 1094 1589 1145; x_wconf 87' lang='lat' dir='ltr'>Caes.)</span> <span class='ocrx_word' id='word_1_128' title='bbox 1609 1094 1724 1133; x_wconf 83' lang='lat' dir='ltr'><strong>Mab.</strong></span> <span class='ocrx_word' id='word_1_129' title='bbox 1751 1098 1787 1142; x_wconf 90' lang='lat'>1,</span> 
     </span>
     <span class='ocr_line' id='line_1_14' title="bbox 243 1163 1787 1218; baseline -0.002 -12"><span class='ocrx_word' id='word_1_130' title='bbox 243 1171 338 1206; x_wconf 88' lang='lat'><strong>238.</strong></span> <span class='ocrx_word' id='word_1_131' title='bbox 384 1168 513 1206; x_wconf 87' lang='lat' dir='ltr'>Porro</span> <span class='ocrx_word' id='word_1_132' title='bbox 536 1166 764 1204; x_wconf 81' lang='lat' dir='ltr'>abstracta:</span> <span class='ocrx_word' id='word_1_133' title='bbox 796 1164 943 1218; x_wconf 67' lang='lat' dir='ltr'>tyecyll</span> <span class='ocrx_word' id='word_1_134' title='bbox 963 1163 1231 1216; x_wconf 75' lang='lat' dir='ltr'>(obscuritas3</span> <span class='ocrx_word' id='word_1_135' title='bbox 1258 1164 1359 1204; x_wconf 87' lang='lat' dir='ltr'>item</span> <span class='ocrx_word' id='word_1_136' title='bbox 1382 1163 1487 1217; x_wconf 85' lang='lat' dir='ltr'><strong>adj.)</strong></span> <span class='ocrx_word' id='word_1_137' title='bbox 1510 1165 1626 1204; x_wconf 85' lang='lat' dir='ltr'><strong>Mab.</strong></span> <span class='ocrx_word' id='word_1_138' title='bbox 1657 1169 1693 1213; x_wconf 92' lang='lat'>1,</span> <span class='ocrx_word' id='word_1_139' title='bbox 1721 1168 1787 1203; x_wconf 74' lang='grc'>24.</span> 
     </span>
     <span class='ocr_line' id='line_1_15' title="bbox 237 1234 1789 1291; baseline -0.003 -14"><span class='ocrx_word' id='word_1_140' title='bbox 237 1237 444 1291; x_wconf 73' lang='lat' dir='ltr'>yuedhyll</span> <span class='ocrx_word' id='word_1_141' title='bbox 463 1236 593 1289; x_wconf 89' lang='lat' dir='ltr'>(quod</span> <span class='ocrx_word' id='word_1_142' title='bbox 609 1235 823 1275; x_wconf 87' lang='lat' dir='ltr'>residuum</span> <span class='ocrx_word' id='word_1_143' title='bbox 841 1241 926 1281; x_wconf 73' lang='lat' dir='ltr'>est:</span> <span class='ocrx_word' id='word_1_144' title='bbox 954 1234 1006 1274; x_wconf 80' lang='lat' dir='ltr'>ef.</span> <span class='ocrx_word' id='word_1_145' title='bbox 1023 1236 1176 1289; x_wconf 71' lang='lat' dir='ltr'>yzcecly,</span> <span class='ocrx_word' id='word_1_146' title='bbox 1197 1236 1309 1288; x_wconf 88' lang='lat' dir='ltr'>post)</span> <span class='ocrx_word' id='word_1_147' title='bbox 1328 1235 1430 1287; x_wconf 82' lang='lat' dir='ltr'><strong>Leg.</strong></span> <span class='ocrx_word' id='word_1_148' title='bbox 1456 1238 1492 1274; x_wconf 93' lang='lat'>1.</span> <span class='ocrx_word' id='word_1_149' title='bbox 1516 1238 1582 1273; x_wconf 89' lang='lat'>30.</span> <span class='ocrx_word' id='word_1_150' title='bbox 1606 1239 1644 1274; x_wconf 86' lang='grc'>6.</span> <span class='ocrx_word' id='word_1_151' title='bbox 1672 1234 1789 1287; x_wconf 68' lang='grc' dir='ltr'>Α(1].,</span> 
     </span>
     <span class='ocr_line' id='line_1_16' title="bbox 241 1304 1793 1361; baseline -0.003 -14"><span class='ocrx_word' id='word_1_152' title='bbox 241 1308 354 1347; x_wconf 87' lang='lat' dir='ltr'>verb.</span> <span class='ocrx_word' id='word_1_153' title='bbox 373 1321 380 1346; x_wconf 93' lang='lat'><strong>:</strong></span> <span class='ocrx_word' id='word_1_154' title='bbox 408 1306 629 1361; x_wconf 70' lang='lat' dir='ltr'>(cdrytleyll</span> <span class='ocrx_word' id='word_1_155' title='bbox 648 1305 891 1357; x_wconf 86' lang='lat' dir='ltr'>(admodum</span> <span class='ocrx_word' id='word_1_156' title='bbox 916 1304 1094 1353; x_wconf 71' lang='lat' dir='ltr'>vividus,</span> <span class='ocrx_word' id='word_1_157' title='bbox 1116 1304 1278 1357; x_wconf 87' lang='lat' dir='ltr'>hilaris)</span> <span class='ocrx_word' id='word_1_158' title='bbox 1298 1305 1413 1344; x_wconf 79' lang='lat' dir='ltr'><strong>Mab.</strong></span> <span class='ocrx_word' id='word_1_159' title='bbox 1440 1309 1478 1353; x_wconf 88' lang='lat'>1,</span> <span class='ocrx_word' id='word_1_160' title='bbox 1501 1307 1538 1344; x_wconf 93' lang='lat'>2.</span> <span class='ocrx_word' id='word_1_161' title='bbox 1564 1305 1712 1359; x_wconf 73' lang='lat' dir='ltr'>seuyll,</span> <span class='ocrx_word' id='word_1_162' title='bbox 1734 1319 1793 1344; x_wconf 74' lang='lat' dir='ltr'>se-</span> 
     </span>
     <span class='ocr_line' id='line_1_17' title="bbox 231 1374 1794 1433; baseline -0.003 -15"><span class='ocrx_word' id='word_1_163' title='bbox 231 1378 332 1433; x_wconf 71' lang='lat' dir='ltr'>fyll</span> <span class='ocrx_word' id='word_1_164' title='bbox 351 1379 512 1430; x_wconf 82' lang='lat' dir='ltr'>(sture),</span> <span class='ocrx_word' id='word_1_165' title='bbox 539 1377 655 1416; x_wconf 81' lang='lat' dir='ltr'><strong>Mab.</strong></span> <span class='ocrx_word' id='word_1_166' title='bbox 682 1381 717 1425; x_wconf 87' lang='lat'>1,</span> <span class='ocrx_word' id='word_1_167' title='bbox 742 1381 779 1415; x_wconf 92' lang='lat'>7.</span> <span class='ocrx_word' id='word_1_168' title='bbox 803 1379 824 1414; x_wconf 93' lang='lat'>2</span> <span class='ocrx_word' id='word_1_169' title='bbox 864 1380 960 1415; x_wconf 86' lang='lat'><strong>209.</strong></span> <span class='ocrx_word' id='word_1_170' title='bbox 1004 1375 1053 1414; x_wconf 89' lang='lat' dir='ltr'>In</span> <span class='ocrx_word' id='word_1_171' title='bbox 1076 1389 1189 1414; x_wconf 80' lang='lat' dir='ltr'>corn.</span> <span class='ocrx_word' id='word_1_172' title='bbox 1213 1374 1294 1427; x_wconf 84' lang='lat' dir='ltr'><strong>adj.</strong></span> <span class='ocrx_word' id='word_1_173' title='bbox 1317 1375 1423 1428; x_wconf 75' lang='lat' dir='ltr'><strong>-yll.·</strong></span> <span class='ocrx_word' id='word_1_174' title='bbox 1447 1375 1643 1429; x_wconf 60' lang='lat' dir='ltr'>sltentyll,</span> <span class='ocrx_word' id='word_1_175' title='bbox 1668 1374 1794 1429; x_wconf 45' lang='lat' dir='ltr'>sle-yn-</span> 
     </span>
     <span class='ocr_line' id='line_1_18' title="bbox 245 1446 1425 1503; baseline -0.004 -14"><span class='ocrx_word' id='word_1_176' title='bbox 245 1449 336 1503; x_wconf 71' lang='lat' dir='ltr'>tyll,</span> <span class='ocrx_word' id='word_1_177' title='bbox 361 1447 546 1502; x_wconf 68' lang='lat' dir='ltr'>scytzlgsll</span> <span class='ocrx_word' id='word_1_178' title='bbox 566 1446 767 1499; x_wconf 77' lang='lat' dir='ltr'>(sapiens)</span> <span class='ocrx_word' id='word_1_179' title='bbox 792 1447 910 1486; x_wconf 86' lang='lat' dir='ltr'>Pass.</span> <span class='ocrx_word' id='word_1_180' title='bbox 940 1450 977 1494; x_wconf 74' lang='grc'>8,</span> <span class='ocrx_word' id='word_1_181' title='bbox 1010 1450 1044 1484; x_wconf 90' lang='grc'>1.</span> <span class='ocrx_word' id='word_1_182' title='bbox 1076 1450 1168 1494; x_wconf 75' lang='grc'>134,</span> <span class='ocrx_word' id='word_1_183' title='bbox 1199 1449 1235 1484; x_wconf 93' lang='grc'>1.</span> <span class='ocrx_word' id='word_1_184' title='bbox 1263 1448 1359 1493; x_wconf 90' lang='grc'>216,</span> <span class='ocrx_word' id='word_1_185' title='bbox 1389 1448 1425 1484; x_wconf 93' lang='grc'>1.</span> 
     </span>
    </p>

    <p class='ocr_par' dir='ltr' id='par_1_4' title="bbox 245 1515 1791 1642">
     <span class='ocr_line' id='line_1_19' title="bbox 357 1515 1791 1569; baseline -0.001 -12"><span class='ocrx_word' id='word_1_186' title='bbox 357 1517 620 1558; x_wconf 84' lang='lat' dir='ltr'>Derivationi</span> <span class='ocrx_word' id='word_1_187' title='bbox 650 1515 808 1557; x_wconf 84' lang='lat' dir='ltr'>verbali</span> <span class='ocrx_word' id='word_1_188' title='bbox 839 1515 994 1555; x_wconf 84' lang='lat' dir='ltr'>cambr.</span> <span class='ocrx_word' id='word_1_189' title='bbox 1028 1516 1111 1569; x_wconf 72' lang='lat' dir='ltr'>-yll</span> <span class='ocrx_word' id='word_1_190' title='bbox 1136 1515 1360 1568; x_wconf 76' lang='lat' dir='ltr'>respondet</span> <span class='ocrx_word' id='word_1_191' title='bbox 1389 1529 1502 1554; x_wconf 88' lang='lat' dir='ltr'>corn.</span> <span class='ocrx_word' id='word_1_192' title='bbox 1528 1530 1678 1555; x_wconf 88' lang='lat' dir='ltr'>armor.</span> <span class='ocrx_word' id='word_1_193' title='bbox 1705 1515 1791 1563; x_wconf 82' lang='lat' dir='ltr'>-ell,</span> 
     </span>
     <span class='ocr_line' id='line_1_20' title="bbox 245 1586 1460 1642; baseline -0.004 -13"><span class='ocrx_word' id='word_1_194' title='bbox 245 1589 364 1642; x_wconf 88' lang='lat' dir='ltr'>cujus</span> <span class='ocrx_word' id='word_1_195' title='bbox 387 1588 578 1640; x_wconf 78' lang='lat' dir='ltr'>exempla</span> <span class='ocrx_word' id='word_1_196' title='bbox 599 1601 725 1640; x_wconf 87' lang='lat' dir='ltr'>supra</span> <span class='ocrx_word' id='word_1_197' title='bbox 747 1592 990 1625; x_wconf 80' lang='lat' dir='ltr'>enumerata</span> <span class='ocrx_word' id='word_1_198' title='bbox 1011 1592 1112 1625; x_wconf 85' lang='lat' dir='ltr'>sunt</span> <span class='ocrx_word' id='word_1_199' title='bbox 1134 1587 1194 1639; x_wconf 84' lang='lat' dir='ltr'>(p.</span> <span class='ocrx_word' id='word_1_200' title='bbox 1222 1589 1318 1624; x_wconf 86' lang='lat'><strong>519.</strong></span> <span class='ocrx_word' id='word_1_201' title='bbox 1345 1586 1460 1637; x_wconf 86' lang='lat'><strong>520).</strong></span> 
     </span>
    </p>

    <p class='ocr_par' dir='ltr' id='par_1_5' title="bbox 247 1654 1798 1922">
     <span class='ocr_line' id='line_1_21' title="bbox 360 1654 1796 1711; baseline -0.003 -12"><span class='ocrx_word' id='word_1_202' title='bbox 360 1658 581 1711; x_wconf 79' lang='lat' dir='ltr'>Exempla,</span> <span class='ocrx_word' id='word_1_203' title='bbox 604 1657 649 1696; x_wconf 85' lang='lat' dir='ltr'>in</span> <span class='ocrx_word' id='word_1_204' title='bbox 671 1656 823 1710; x_wconf 89' lang='lat' dir='ltr'>quibus</span> <span class='ocrx_word' id='word_1_205' title='bbox 841 1657 918 1697; x_wconf 80' lang='lat' dir='ltr'>-ell</span> <span class='ocrx_word' id='word_1_206' title='bbox 932 1655 1096 1695; x_wconf 87' lang='lat' dir='ltr'>videtur</span> <span class='ocrx_word' id='word_1_207' title='bbox 1120 1655 1356 1695; x_wconf 83' lang='lat' dir='ltr'>terminatio</span> <span class='ocrx_word' id='word_1_208' title='bbox 1374 1654 1649 1704; x_wconf 87' lang='lat' dir='ltr'>deminutiva,</span> <span class='ocrx_word' id='word_1_209' title='bbox 1671 1669 1796 1708; x_wconf 90' lang='lat' dir='ltr'>supra</span> 
     </span>
     <span class='ocr_line' id='line_1_22' title="bbox 247 1725 1798 1784; baseline -0.004 -14"><span class='ocrx_word' id='word_1_210' title='bbox 247 1733 308 1784; x_wconf 80' lang='lat' dir='ltr'>(p.</span> <span class='ocrx_word' id='word_1_211' title='bbox 337 1733 431 1768; x_wconf 79' lang='lat'><strong>304.</strong></span> <span class='ocrx_word' id='word_1_212' title='bbox 461 1730 560 1781; x_wconf 84' lang='lat'><strong>305)</strong></span> <span class='ocrx_word' id='word_1_213' title='bbox 582 1727 796 1781; x_wconf 89' lang='lat' dir='ltr'>proposita</span> <span class='ocrx_word' id='word_1_214' title='bbox 818 1733 932 1766; x_wconf 87' lang='lat' dir='ltr'>sunt.</span> <span class='ocrx_word' id='word_1_215' title='bbox 978 1727 1031 1765; x_wconf 90' lang='lat' dir='ltr'>In</span> <span class='ocrx_word' id='word_1_216' title='bbox 1053 1725 1255 1765; x_wconf 86' lang='lat' dir='ltr'>hodierna</span> <span class='ocrx_word' id='word_1_217' title='bbox 1276 1725 1422 1779; x_wconf 79' lang='lat' dir='ltr'>lingua</span> <span class='ocrx_word' id='word_1_218' title='bbox 1444 1725 1649 1766; x_wconf 89' lang='lat' dir='ltr'>cambrica</span> <span class='ocrx_word' id='word_1_219' title='bbox 1671 1725 1798 1764; x_wconf 87' lang='lat' dir='ltr'>etiam</span> 
     </span>
     <span class='ocr_line' id='line_1_23' title="bbox 248 1795 1798 1852; baseline -0.003 -13"><span class='ocrx_word' id='word_1_220' title='bbox 248 1800 293 1840; x_wconf 92' lang='lat' dir='ltr'>in</span> <span class='ocrx_word' id='word_1_221' title='bbox 314 1799 396 1839; x_wconf 86' lang='lat' dir='ltr'>alia</span> <span class='ocrx_word' id='word_1_222' title='bbox 414 1799 617 1852; x_wconf 87' lang='lat' dir='ltr'>quaedam</span> <span class='ocrx_word' id='word_1_223' title='bbox 634 1798 849 1838; x_wconf 84' lang='lat' dir='ltr'>invenitur</span> <span class='ocrx_word' id='word_1_224' title='bbox 871 1804 1127 1849; x_wconf 80' lang='lat' dir='ltr'>transgressa</span> <span class='ocrx_word' id='word_1_225' title='bbox 1142 1810 1149 1834; x_wconf 74' lang='grc' dir='ltr'>ε</span> <span class='ocrx_word' id='word_1_226' title='bbox 1160 1795 1411 1850; x_wconf 74' lang='lat' dir='ltr'>ffistmonell</span> <span class='ocrx_word' id='word_1_227' title='bbox 1425 1795 1687 1848; x_wconf 80' lang='lat' dir='ltr'>(fontanella,</span> <span class='ocrx_word' id='word_1_228' title='bbox 1709 1797 1798 1835; x_wconf 81' lang='lat' dir='ltr'>fon-</span> 
     </span>
     <span class='ocr_line' id='line_1_24' title="bbox 250 1868 947 1922; baseline -0.006 -12"><span class='ocrx_word' id='word_1_229' title='bbox 250 1870 439 1921; x_wconf 86' lang='lat' dir='ltr'>ticulus),</span> <span class='ocrx_word' id='word_1_230' title='bbox 466 1868 647 1922; x_wconf 58' lang='lat' dir='ltr'>{yrelcell</span> <span class='ocrx_word' id='word_1_231' title='bbox 665 1868 947 1920; x_wconf 86' lang='lat' dir='ltr'>(hinnuleus).</span> 
     </span>
    </p>

    <p class='ocr_par' dir='ltr' id='par_1_6' title="bbox 251 1934 1804 2136">
     <span class='ocr_line' id='line_1_25' title="bbox 361 1934 1804 1989; baseline -0.003 -11"><span class='ocrx_word' id='word_1_232' title='bbox 361 1939 556 1980; x_wconf 82' lang='lat' dir='ltr'>Rariores</span> <span class='ocrx_word' id='word_1_233' title='bbox 594 1946 694 1978; x_wconf 81' lang='lat' dir='ltr'>sunt</span> <span class='ocrx_word' id='word_1_234' title='bbox 728 1937 932 1977; x_wconf 87' lang='lat' dir='ltr'>formulae</span> <span class='ocrx_word' id='word_1_235' title='bbox 963 1936 1102 1983; x_wconf 80' lang='lat' dir='ltr'>OLL,</span> <span class='ocrx_word' id='word_1_236' title='bbox 1137 1936 1273 1976; x_wconf 86' lang='lat' dir='ltr'>ULL:</span> <span class='ocrx_word' id='word_1_237' title='bbox 1314 1936 1556 1984; x_wconf 75' lang='lat' dir='ltr'>emreelzoll,</span> <span class='ocrx_word' id='word_1_238' title='bbox 1593 1934 1804 1989; x_wconf 71' lang='lat' dir='ltr'>amryqoll</span> 
     </span>
     <span class='ocr_line' id='line_1_26' title="bbox 251 2005 1796 2064; baseline -0.003 -15"><span class='ocrx_word' id='word_1_239' title='bbox 251 2009 519 2064; x_wconf 84' lang='lat' dir='ltr'>(periculum,</span> <span class='ocrx_word' id='word_1_240' title='bbox 540 2008 736 2062; x_wconf 86' lang='lat' dir='ltr'>perditio)</span> <span class='ocrx_word' id='word_1_241' title='bbox 755 2009 857 2060; x_wconf 84' lang='lat' dir='ltr'><strong>Leg.</strong></span> <span class='ocrx_word' id='word_1_242' title='bbox 881 2010 919 2046; x_wconf 92' lang='lat'>2.</span> <span class='ocrx_word' id='word_1_243' title='bbox 943 2011 982 2045; x_wconf 87' lang='lat'>9.</span> <span class='ocrx_word' id='word_1_244' title='bbox 1006 2010 1043 2045; x_wconf 87' lang='lat'>2.</span> <span class='ocrx_word' id='word_1_245' title='bbox 1066 2006 1181 2046; x_wconf 78' lang='lat' dir='ltr'><strong>Mab.</strong></span> <span class='ocrx_word' id='word_1_246' title='bbox 1205 2009 1243 2055; x_wconf 90' lang='lat'><strong>2,</strong></span> <span class='ocrx_word' id='word_1_247' title='bbox 1268 2009 1333 2046; x_wconf 91' lang='grc'>21.</span> <span class='ocrx_word' id='word_1_248' title='bbox 1360 2007 1482 2059; x_wconf 66' lang='lat' dir='ltr'>cuyol</span> <span class='ocrx_word' id='word_1_249' title='bbox 1500 2006 1575 2059; x_wconf 83' lang='lat' dir='ltr'><strong>(gl.</strong></span> <span class='ocrx_word' id='word_1_250' title='bbox 1597 2005 1796 2056; x_wconf 79' lang='lat' dir='ltr'>cuculla),</span> 
     </span>
     <span class='ocr_line' id='line_1_27' title="bbox 252 2078 931 2136; baseline -0.006 -16"><span class='ocrx_word' id='word_1_251' title='bbox 252 2080 474 2136; x_wconf 65' lang='lat' dir='ltr'>qserquyol</span> <span class='ocrx_word' id='word_1_252' title='bbox 493 2079 567 2132; x_wconf 80' lang='lat' dir='ltr'><strong>(gl.</strong></span> <span class='ocrx_word' id='word_1_253' title='bbox 594 2078 752 2130; x_wconf 83' lang='lat' dir='ltr'>casula)</span> <span class='ocrx_word' id='word_1_254' title='bbox 774 2078 931 2119; x_wconf 73' lang='lat' dir='ltr'><strong>vocab.</strong></span> 
     </span>
    </p>
   </div>
   <div class='ocr_carea' id='block_1_3' title="bbox 256 2357 1806 2979">
    <p class='ocr_par' dir='ltr' id='par_1_7' title="bbox 256 2357 1806 2979">
     <span class='ocr_line' id='line_1_28' title="bbox 369 2357 1803 2414; baseline -0.006 -9"><span class='ocrx_word' id='word_1_255' title='bbox 369 2366 416 2405; x_wconf 86' lang='lat' dir='ltr'><strong>M</strong></span> <span class='ocrx_word' id='word_1_256' title='bbox 447 2362 695 2404; x_wconf 84' lang='lat' dir='ltr'>derivationi</span> <span class='ocrx_word' id='word_1_257' title='bbox 723 2361 864 2402; x_wconf 84' lang='lat' dir='ltr'>minus</span> <span class='ocrx_word' id='word_1_258' title='bbox 887 2361 1061 2401; x_wconf 88' lang='lat' dir='ltr'>inservit</span> <span class='ocrx_word' id='word_1_259' title='bbox 1081 2361 1329 2411; x_wconf 88' lang='lat' dir='ltr'>britannice,</span> <span class='ocrx_word' id='word_1_260' title='bbox 1355 2374 1480 2414; x_wconf 87' lang='lat' dir='ltr'>quam</span> <span class='ocrx_word' id='word_1_261' title='bbox 1502 2367 1660 2399; x_wconf 83' lang='lat' dir='ltr'>ceterae</span> <span class='ocrx_word' id='word_1_262' title='bbox 1682 2357 1803 2411; x_wconf 89' lang='lat' dir='ltr'>liqui-</span> 
     </span>
     <span class='ocr_line' id='line_1_29' title="bbox 256 2430 1804 2485; baseline -0.006 -9"><span class='ocrx_word' id='word_1_263' title='bbox 256 2438 346 2476; x_wconf 87' lang='lat' dir='ltr'>dae.</span> <span class='ocrx_word' id='word_1_264' title='bbox 392 2434 642 2475; x_wconf 85' lang='lat' dir='ltr'>Accedentis</span> <span class='ocrx_word' id='word_1_265' title='bbox 673 2433 724 2473; x_wconf 88' lang='lat' dir='ltr'>ad</span> <span class='ocrx_word' id='word_1_266' title='bbox 750 2431 932 2472; x_wconf 86' lang='lat' dir='ltr'>radicem</span> <span class='ocrx_word' id='word_1_267' title='bbox 963 2431 1203 2485; x_wconf 85' lang='lat' dir='ltr'>exemplum</span> <span class='ocrx_word' id='word_1_268' title='bbox 1234 2432 1305 2471; x_wconf 80' lang='lat' dir='ltr'>vix</span> <span class='ocrx_word' id='word_1_269' title='bbox 1336 2430 1527 2478; x_wconf 82' lang='lat' dir='ltr'>occurrit,</span> <span class='ocrx_word' id='word_1_270' title='bbox 1552 2430 1691 2469; x_wconf 87' lang='lat' dir='ltr'>forsan</span> <span class='ocrx_word' id='word_1_271' title='bbox 1718 2442 1804 2467; x_wconf 65' lang='lat' dir='ltr'>emo</span> 
     </span>
     <span class='ocr_line' id='line_1_30' title="bbox 259 2499 1800 2555; baseline -0.006 -9"><span class='ocrx_word' id='word_1_272' title='bbox 259 2510 454 2555; x_wconf 79' lang='lat' dir='ltr'>(nomen3</span> <span class='ocrx_word' id='word_1_273' title='bbox 488 2504 651 2544; x_wconf 89' lang='lat' dir='ltr'>hibern.</span> <span class='ocrx_word' id='word_1_274' title='bbox 685 2510 767 2543; x_wconf 83' lang='lat' dir='ltr'>vet.</span> <span class='ocrx_word' id='word_1_275' title='bbox 794 2501 952 2554; x_wconf 70' lang='lat' dir='ltr'>aium),</span> <span class='ocrx_word' id='word_1_276' title='bbox 979 2516 1099 2542; x_wconf 80' lang='lat' dir='ltr'>owrw</span> <span class='ocrx_word' id='word_1_277' title='bbox 1125 2501 1364 2553; x_wconf 81' lang='lat' dir='ltr'>(cerevisia3</span> <span class='ocrx_word' id='word_1_278' title='bbox 1399 2500 1534 2553; x_wconf 59' lang='lat' dir='ltr'>eorzqf,</span> <span class='ocrx_word' id='word_1_279' title='bbox 1561 2499 1684 2552; x_wconf 48' lang='lat' dir='ltr'>coras</span> <span class='ocrx_word' id='word_1_280' title='bbox 1697 2499 1800 2538; x_wconf 77' lang='lat' dir='ltr'><strong>Voc.</strong></span> 
     </span>
     <span class='ocr_line' id='line_1_31' title="bbox 257 2568 1805 2631; baseline -0.007 -13"><span class='ocrx_word' id='word_1_281' title='bbox 257 2577 399 2631; x_wconf 66' lang='lat' dir='ltr'>lczcreff&#39;,</span> <span class='ocrx_word' id='word_1_282' title='bbox 426 2575 569 2628; x_wconf 61' lang='lat' dir='ltr'>kurezf</span> <span class='ocrx_word' id='word_1_283' title='bbox 582 2575 684 2627; x_wconf 80' lang='lat' dir='ltr'><strong>Leg.</strong></span> <span class='ocrx_word' id='word_1_284' title='bbox 714 2578 750 2612; x_wconf 90' lang='lat'>1.</span> <span class='ocrx_word' id='word_1_285' title='bbox 781 2577 846 2611; x_wconf 88' lang='lat'>19.</span> <span class='ocrx_word' id='word_1_286' title='bbox 874 2576 919 2620; x_wconf 83' lang='lat'>93</span> <span class='ocrx_word' id='word_1_287' title='bbox 949 2577 1014 2612; x_wconf 84' lang='lat'>35.</span> <span class='ocrx_word' id='word_1_288' title='bbox 1044 2577 1081 2620; x_wconf 86' lang='grc'>6,</span> <span class='ocrx_word' id='word_1_289' title='bbox 1108 2586 1129 2611; x_wconf 92' lang='lat' dir='ltr'>e</span> <span class='ocrx_word' id='word_1_290' title='bbox 1161 2571 1309 2619; x_wconf 69' lang='lat' dir='ltr'>carmi,</span> <span class='ocrx_word' id='word_1_291' title='bbox 1343 2584 1497 2618; x_wconf 75' lang='lat' dir='ltr'>corma,</span> <span class='ocrx_word' id='word_1_292' title='bbox 1523 2584 1565 2623; x_wconf 88' lang='lat' dir='ltr'>p.</span> <span class='ocrx_word' id='word_1_293' title='bbox 1598 2574 1717 2621; x_wconf 88' lang='grc'>135),</span> <span class='ocrx_word' id='word_1_294' title='bbox 1753 2568 1805 2608; x_wconf 89' lang='lat' dir='ltr'>si-</span> 
     </span>
     <span class='ocr_line' id='line_1_32' title="bbox 259 2639 1806 2701; baseline -0.006 -14"><span class='ocrx_word' id='word_1_295' title='bbox 259 2647 427 2701; x_wconf 83' lang='lat' dir='ltr'>quidem</span> <span class='ocrx_word' id='word_1_296' title='bbox 450 2660 490 2685; x_wconf 82' lang='lat' dir='ltr'>m</span> <span class='ocrx_word' id='word_1_297' title='bbox 512 2650 575 2684; x_wconf 90' lang='lat' dir='ltr'>est</span> <span class='ocrx_word' id='word_1_298' title='bbox 596 2643 786 2683; x_wconf 85' lang='lat' dir='ltr'>derivans</span> <span class='ocrx_word' id='word_1_299' title='bbox 809 2642 853 2681; x_wconf 87' lang='lat' dir='ltr'>in</span> <span class='ocrx_word' id='word_1_300' title='bbox 875 2642 955 2682; x_wconf 88' lang='lat' dir='ltr'>his.</span> <span class='ocrx_word' id='word_1_301' title='bbox 991 2643 1104 2682; x_wconf 82' lang='lat' dir='ltr'>Rara</span> <span class='ocrx_word' id='word_1_302' title='bbox 1124 2641 1225 2681; x_wconf 87' lang='lat' dir='ltr'>item</span> <span class='ocrx_word' id='word_1_303' title='bbox 1246 2641 1436 2694; x_wconf 75' lang='lat' dir='ltr'>exempla</span> <span class='ocrx_word' id='word_1_304' title='bbox 1459 2639 1658 2693; x_wconf 88' lang='lat' dir='ltr'>simplicis</span> <span class='ocrx_word' id='word_1_305' title='bbox 1680 2653 1720 2678; x_wconf 81' lang='lat' dir='ltr'>m</span> <span class='ocrx_word' id='word_1_306' title='bbox 1742 2653 1806 2678; x_wconf 87' lang='lat' dir='ltr'>ac-</span> 
     </span>
     <span class='ocr_line' id='line_1_33' title="bbox 260 2710 1802 2765; baseline -0.007 -6"><span class='ocrx_word' id='word_1_307' title='bbox 260 2717 445 2758; x_wconf 84' lang='lat' dir='ltr'>cedentis</span> <span class='ocrx_word' id='word_1_308' title='bbox 468 2730 564 2756; x_wconf 86' lang='lat' dir='ltr'>eum</span> <span class='ocrx_word' id='word_1_309' title='bbox 584 2713 819 2754; x_wconf 85' lang='lat' dir='ltr'>vocalibus:</span> <span class='ocrx_word' id='word_1_310' title='bbox 846 2718 949 2753; x_wconf 73' lang='lat' dir='ltr'>etem</span> <span class='ocrx_word' id='word_1_311' title='bbox 971 2712 1046 2765; x_wconf 83' lang='lat' dir='ltr'><strong>(gl.</strong></span> <span class='ocrx_word' id='word_1_312' title='bbox 1072 2710 1239 2758; x_wconf 81' lang='lat' dir='ltr'>instita3</span> <span class='ocrx_word' id='word_1_313' title='bbox 1266 2711 1393 2759; x_wconf 70' lang='lat' dir='ltr'>adan,</span> <span class='ocrx_word' id='word_1_314' title='bbox 1415 2710 1473 2763; x_wconf 88' lang='lat' dir='ltr'>pl.</span> <span class='ocrx_word' id='word_1_315' title='bbox 1500 2711 1669 2750; x_wconf 75' lang='lat' dir='ltr'>aclazcecl</span> <span class='ocrx_word' id='word_1_316' title='bbox 1688 2710 1802 2749; x_wconf 84' lang='lat' dir='ltr'><strong>Mab.</strong></span> 
     </span>
     <span class='ocr_line' id='line_1_34' title="bbox 263 2780 1803 2838; baseline -0.005 -11"><span class='ocrx_word' id='word_1_317' title='bbox 263 2792 302 2837; x_wconf 91' lang='lat'><strong>2,</strong></span> <span class='ocrx_word' id='word_1_318' title='bbox 330 2791 424 2826; x_wconf 83' lang='grc'>241.</span> <span class='ocrx_word' id='word_1_319' title='bbox 454 2788 578 2838; x_wconf 80' lang='grc'>374),</span> <span class='ocrx_word' id='word_1_320' title='bbox 603 2783 779 2825; x_wconf 77' lang='lat' dir='ltr'>uidimm</span> <span class='ocrx_word' id='word_1_321' title='bbox 803 2783 878 2835; x_wconf 80' lang='lat' dir='ltr'><strong>(gl.</strong></span> <span class='ocrx_word' id='word_1_322' title='bbox 908 2782 1154 2835; x_wconf 70' lang='lat' dir='ltr'>lignismus5</span> <span class='ocrx_word' id='word_1_323' title='bbox 1183 2781 1335 2835; x_wconf 67' lang='lat' dir='ltr'>yzcdvf,</span> <span class='ocrx_word' id='word_1_324' title='bbox 1364 2780 1548 2834; x_wconf 70' lang='lat' dir='ltr'>yzcclleyf,</span> <span class='ocrx_word' id='word_1_325' title='bbox 1581 2780 1803 2833; x_wconf 87' lang='lat' dir='ltr'>scalprum,</span> 
     </span>
     <span class='ocr_line' id='line_1_35' title="bbox 265 2851 1805 2910; baseline -0.006 -13"><span class='ocrx_word' id='word_1_326' title='bbox 265 2859 368 2910; x_wconf 84' lang='lat' dir='ltr'><strong>Leg.</strong></span> <span class='ocrx_word' id='word_1_327' title='bbox 399 2862 435 2896; x_wconf 94' lang='lat'>1.</span> <span class='ocrx_word' id='word_1_328' title='bbox 465 2861 530 2896; x_wconf 86' lang='lat'>38.</span> <span class='ocrx_word' id='word_1_329' title='bbox 561 2861 607 2903; x_wconf 80' lang='lat'>73</span> <span class='ocrx_word' id='word_1_330' title='bbox 635 2858 673 2894; x_wconf 90' lang='lat'>2.</span> <span class='ocrx_word' id='word_1_331' title='bbox 703 2858 740 2892; x_wconf 90' lang='lat'>1.</span> <span class='ocrx_word' id='word_1_332' title='bbox 767 2856 825 2905; x_wconf 78' lang='lat'>4),</span> <span class='ocrx_word' id='word_1_333' title='bbox 848 2851 1063 2906; x_wconf 65' lang='lat' dir='ltr'>yzez&#39;llilcim</span> <span class='ocrx_word' id='word_1_334' title='bbox 1087 2851 1287 2904; x_wconf 80' lang='lat' dir='ltr'>(forceps3</span> <span class='ocrx_word' id='word_1_335' title='bbox 1309 2851 1484 2905; x_wconf 65' lang='lat' dir='ltr'>yvoelleec</span> <span class='ocrx_word' id='word_1_336' title='bbox 1507 2851 1622 2890; x_wconf 79' lang='lat' dir='ltr'><strong>Mab.</strong></span> <span class='ocrx_word' id='word_1_337' title='bbox 1645 2853 1684 2898; x_wconf 92' lang='lat'><strong>2,</strong></span> <span class='ocrx_word' id='word_1_338' title='bbox 1710 2852 1805 2888; x_wconf 84' lang='grc'>204.</span> 
     </span>
     <span class='ocr_line' id='line_1_36' title="bbox 265 2920 1618 2979; baseline -0.005 -13"><span class='ocrx_word' id='word_1_339' title='bbox 265 2931 360 2967; x_wconf 90' lang='grc'>225.</span> <span class='ocrx_word' id='word_1_340' title='bbox 389 2930 484 2974; x_wconf 72' lang='grc'>242,</span> <span class='ocrx_word' id='word_1_341' title='bbox 511 2928 608 2966; x_wconf 79' lang='lat' dir='ltr'><strong>hod.</strong></span> <span class='ocrx_word' id='word_1_342' title='bbox 632 2922 839 2979; x_wconf 64' lang='lat' dir='ltr'>{su-ellaof,</span> <span class='ocrx_word' id='word_1_343' title='bbox 864 2922 922 2976; x_wconf 88' lang='lat' dir='ltr'><strong>pl.</strong></span> <span class='ocrx_word' id='word_1_344' title='bbox 946 2921 1218 2975; x_wconf 61' lang='lat' dir='ltr'>yzcelleg&#39;fiau)</span> <span class='ocrx_word' id='word_1_345' title='bbox 1242 2921 1285 2960; x_wconf 86' lang='lat' dir='ltr'>in</span> <span class='ocrx_word' id='word_1_346' title='bbox 1307 2921 1456 2973; x_wconf 77' lang='lat' dir='ltr'>glossis</span> <span class='ocrx_word' id='word_1_347' title='bbox 1479 2920 1618 2959; x_wconf 83' lang='lat' dir='ltr'><strong>Oxon.</strong></span> 
     </span>
    </p>
   </div>
  </div>
 </body>
</html>
