1920 3220
260 172 338 211 724
420 171 474 211 V.
506 175 541 209 1.
586 184 828 211 DERIVATIO
849 185 1034 212 GALLJCA
1056 186 1109 213 ET
1132 186 1378 213 HrssnRfflcA
1401 189 1640 216 vocALIUM.

259 284 335 324 Est
369 283 499 337 igitur
534 296 812 322 consonarum
849 290 1014 324 tantum
1050 284 1251 324 derivatio
1280 293 1444 338 praeter
1478 287 1692 341 simplic
1703 302 1724 328 e
1735 302 1778 328 m
1791 320 1802 337 ,

259 353 385 393 etiam
414 352 617 405 duplex
643 352 710 392 vel
740 352 1048 406 multiplex.

605 698 646 737 1.
723 694 1055 740 Derivatio
1111 696 1457 742 hibernica.

680 848 731 886 A.
784 848 1070 890 Derivatio
1100 851 1389 890 vocalium.

373 991 559 1033 Nomina
594 991 836 1044 linguarum
872 993 1065 1035 affinium
1102 995 1242 1050 stirpis
1280 996 1586 1050 indeuropaeae
1622 997 1810 1036 desinere

260 1062 455 1116 primitus
484 1061 529 1101 in
558 1062 720 1101 vocales
751 1069 832 1101 tres
864 1063 1115 1118 principales
1141 1067 1195 1115 A,
1223 1067 1260 1116 Ι,
1285 1067 1341 1116 U,
1366 1067 1508 1106 docuit
1538 1066 1811 1120 grammatica

261 1138 513 1186 comparata.
560 1133 796 1172 Concordat
825 1132 961 1186 prisca
990 1135 1155 1187 gallica,
1182 1152 1287 1190 quae
1318 1144 1454 1177 servat
1474 1138 1647 1177 modum
1668 1135 1810 1189 primi-

262 1202 396 1243 tivum
417 1202 461 1241 in
482 1202 620 1242 medio
642 1202 983 1255 compositorum,
1009 1205 1083 1244 ubi
1105 1220 1223 1245 voces
1246 1207 1402 1260 priores
1424 1207 1595 1246 exhibet
1615 1205 1811 1245 termina-

261 1280 324 1312 tas
347 1273 398 1312 ab
419 1272 568 1312 iisdem
589 1272 817 1321 vocalibus,
843 1273 930 1313 sola
952 1282 1126 1328 excepta
1147 1277 1199 1325 A,
1221 1276 1340 1329 cujus
1362 1277 1501 1316 locum
1522 1276 1684 1316 obtinet
1705 1277 1741 1316 O
1764 1276 1809 1314 in

261 1341 454 1395 plurimis
471 1341 730 1391 nominibus,
751 1357 788 1383 e.
807 1357 869 1396 gr.
887 1358 895 1383 :
918 1344 1220 1398 Lugodunum,
1242 1346 1545 1399 Lupodunum,
1568 1346 1807 1399 Sigovesus,

262 1413 533 1461 Bellovesus,
568 1411 827 1465 Cingetorix.
880 1414 1039 1455 Finalis
1072 1415 1094 1454 I
1124 1414 1272 1468 prioris
1304 1416 1434 1468 partis
1464 1416 1683 1470 compositi
1712 1415 1813 1456 item

261 1482 456 1536 frequens
478 1489 541 1522 est
560 1481 605 1522 in
626 1482 869 1523 nominibus
888 1485 1087 1525 vetustis:
1114 1484 1405 1534 Moridunum,
1427 1486 1697 1535 Moricambe,
1720 1486 1811 1525 Mo-

261 1552 457 1606 ritasgus,
483 1552 840 1602 Cassivellaunus,
866 1554 1156 1608 Cassignatus,
1181 1554 1448 1609 Nivimagus.
1492 1557 1548 1596 Et
1574 1556 1712 1596 finalis
1744 1556 1807 1596 U:

263 1623 514 1672 Esunertus,
540 1623 807 1672 Viducasses,
833 1623 1061 1677 Bituriges,
1087 1625 1323 1679 Caturiges,
1350 1626 1690 1666 Mandubratius.

376 1693 496 1733 Inter
534 1693 609 1733 has
648 1693 832 1747 primum
862 1693 953 1733 loco
991 1694 1102 1734 cedit
1128 1695 1167 1734 A
1199 1696 1299 1748 (O),
1334 1711 1369 1735 e.
1395 1710 1457 1749 gr.
1493 1696 1537 1736 in
1568 1695 1809 1749 compositis

264 1764 559 1811 Lausdunum,
584 1763 810 1813 Atismara,
837 1764 1112 1817 Lugdunum.
1156 1765 1256 1805 Non
1280 1766 1430 1806 habere
1452 1766 1617 1806 videtur
1638 1767 1814 1806 eandem

266 1834 549 1881 tenacitatem,
573 1840 622 1873 ut
652 1840 810 1873 ceterae
843 1835 965 1883 duae,
991 1835 1013 1874 I
1035 1842 1076 1874 et
1099 1836 1152 1884 U,
1179 1850 1284 1888 quae
1315 1836 1442 1875 etiam
1471 1851 1570 1889 prae
1599 1835 1714 1876 omni
1734 1835 1815 1875 alia

266 1903 397 1943 vocali
424 1904 489 1943 vel
511 1903 775 1956 diphthongo
797 1903 1035 1944 inserviunt
1055 1904 1317 1945 derivationi.
1361 1907 1388 1945 J
1391 1921 1458 1945 am
1480 1907 1527 1946 fit
1548 1913 1724 1958 utraque
1745 1906 1814 1944 de-

265 1973 420 2022 rivans,
456 1973 490 2013 si
518 1973 591 2012 illa
612 1973 668 2025 (O
689 1994 746 2007 z
766 1974 822 2026 A)
845 1973 1066 2014 intercedit
1097 1975 1313 2028 copulans,
1339 1982 1388 2015 ut
1417 1976 1466 2015 fit
1496 1975 1676 2029 saepius,
1706 1974 1817 2014 inter

266 2050 428 2097 partem
449 2043 628 2096 priorem
651 2043 915 2084 terminatam
937 2045 988 2084 ab
1009 2044 1074 2084 his
1096 2045 1274 2094 duabus,
1300 2046 1322 2085 Ι
1345 2053 1386 2085 et
1408 2046 1462 2094 U,
1484 2053 1525 2085 et
1545 2044 1816 2099 posteriorem

268 2113 512 2167 compositi,
548 2128 584 2153 e.
609 2128 671 2166 gr.
696 2121 790 2167 post
821 2114 864 2153 I:
901 2114 1214 2168 Noviomagus,
1250 2115 1578 2164 Noviodunum,
1613 2114 1815 2154 Mediola-

269 2197 387 2231 num,
420 2183 696 2233 Mediolacus,
733 2183 1055 2233 Mediomatrici,
1090 2185 1376 2234 Bodiocasses,
1402 2185 1690 2233 Velliocasses,
1716 2185 1816 2224 Am-

270 2252 405 2292 biorix
428 2252 505 2303 (ita
534 2259 583 2293 ut
614 2253 740 2293 etiam
771 2254 921 2307 conjici
951 2254 1113 2307 possint
1135 2253 1452 2304 Moriodunum,
1479 2255 1813 2307 Cassiognatus),

271 2329 313 2361 ct
342 2329 437 2375 post
460 2323 521 2362 U:
556 2324 874 2377 Boduognatus,
900 2324 1335 2377 Epomanduodurum
1357 2324 1427 2377 (cf.
1454 2323 1813 2376 Mandubratius).

386 2392 546 2432 Eodem
575 2394 699 2433 modo
726 2400 843 2434 extra
864 2395 1207 2448 compositionem
1231 2393 1409 2434 occurrit
1430 2394 1620 2433 derivans
1642 2400 1818 2446 utraque

272 2461 425 2501 vocalis
442 2463 664 2502 accedente
680 2463 813 2503 vocali
830 2464 911 2503 alia
928 2464 1233 2505 terminationis
1251 2464 1442 2517 alicujus.
1478 2465 1499 2503 I
1514 2479 1521 2503 :
1549 2463 1675 2503 Curia
1692 2463 1814 2511 ltin„

275 2531 458 2581 Stuccia,
491 2532 666 2581 Ravius,
692 2532 870 2581 Novius,
898 2533 1054 2573 Tobius
1088 2534 1225 2586 (fluvii
1254 2534 1361 2573 Brit.
1388 2541 1428 2573 et
1456 2533 1659 2585 Hibern.)
1684 2532 1813 2581 Ptol.,

273 2601 435 2650 Ollius,
462 2601 648 2641 Mincius
670 2602 807 2654 (fluvii
838 2603 1003 2643 Galliae
1033 2604 1220 2658 cisalp.),
1255 2603 1404 2643 Larius
1435 2603 1612 2654 (lacus),
1638 2602 1818 2642 Tausius

276 2672 499 2725 (Tunger,
540 2671 768 2726 Capitolin.
804 2672 965 2712 Pertin.
1007 2688 1042 2713 c.
1074 2677 1174 2726 11),
1218 2672 1434 2713 Commius
1467 2673 1614 2721 Caes.,
1649 2671 1818 2712 Cassius

275 2741 467 2794 (gallicae
489 2741 661 2795 originis
671 2742 720 2793 2²),
745 2741 873 2781 Vasio
891 2743 1007 2793 (urbs
1030 2742 1346 2791 Vocontiorum,
1373 2743 1475 2783 Mel.
1504 2745 1541 2791 2,
1570 2747 1607 2781 5.
1634 2741 1747 2782 Plin.
1776 2745 1814 2789 3,

275 2799 333 2863 ᾖ),
357 2811 520 2852 Sirione
543 2811 711 2864 (ablat.)
735 2810 837 2850 ltin.
857 2812 929 2859 A„
950 2811 1106 2851 Albion
1129 2814 1302 2863 (nomen
1323 2820 1537 2852 vetustum
1556 2810 1813 2858 Britanniae,

273 2896 339 2934 ap.
367 2881 468 2920 Mel.
496 2881 609 2920 Plin.
637 2880 796 2931 Ptol.,),
824 2881 1003 2933 Bergion
1027 2883 1148 2927 (Mel.
1178 2886 1215 2927 2,
1245 2885 1301 2934 5),
1329 2882 1557 2930 Juliacum,
1583 2880 1818 2934 Clipiacurn
