1920 3220
247 194 329 232 916
530 193 608 233 VI.
638 196 675 231 2.
722 206 1015 233 coNSTRue'rio
1038 206 1219 233 POETmA
1242 207 1502 234 IHBERNICA.

245 321 330 346 non
360 305 539 345 nimium
571 305 724 344 audere
748 304 852 343 mihi
873 304 1056 354 videbor,
1083 306 1118 345 si
1139 305 1414 354 affirmavero,
1434 305 1523 358 jam
1545 307 1679 359 prima
1700 308 1793 348 reli-

245 376 381 429 gionis
404 375 656 415 christianae
674 382 809 414 aetate
826 374 871 414 in
889 375 1027 415 Gallia
1046 389 1136 415 eam
1154 375 1348 428 gallicam
1366 375 1600 416 carminum
1618 377 1793 418 formam

245 448 286 486 in
325 445 510 486 carmina
546 444 774 485 christiana
810 445 1055 484 translatam
1091 460 1193 485 esse.
1239 446 1298 486 Ut
1333 446 1508 486 heroum
1543 447 1791 487 bellatorum

245 516 407 556 fortiter
438 524 529 555 acta
560 515 878 554 celebrabantur
907 530 930 554 a
954 515 1099 555 Bardis
1122 516 1398 556 Cambrorum
1425 517 1680 557 carminibus
1703 518 1792 571 ejus

245 586 415 634 formae,
442 600 547 638 quae
577 593 745 626 exstant
775 585 927 632 adhuc,
953 592 993 624 et
1023 600 1046 624 a
1068 585 1216 625 Bardis
1241 585 1476 635 Gallorum,
1503 587 1567 627 vel
1595 587 1791 628 caerimo-

245 656 339 695 niae
366 671 389 695 a
410 656 598 705 Druidis,
625 656 888 696 celebrantur
909 654 1123 707 religionis
1145 654 1397 694 christianae
1417 657 1614 709 mysteria
1634 657 1699 697 vel
1722 657 1791 697 he-

245 741 364 765 roum
393 726 739 774 christianorum,
772 740 875 778 quos
906 732 1108 778 martyres
1139 724 1358 773 dicebant,
1393 726 1594 766 fortitudo
1624 726 1792 780 hymnis

245 796 334 849 ejus
356 796 512 837 formae
535 795 785 837 assonantis.

359 868 466 907 Tam
487 866 741 919 hymnorum
762 864 892 904 forma
915 879 1116 904 assonans
1138 879 1263 917 quam
1285 865 1462 905 aliorum
1484 866 1718 906 carminum
1736 866 1792 905 la-

245 938 430 977 tinorum
456 936 554 975 inde
577 951 600 975 a
622 934 879 988 temporibus
902 934 1082 974 labantis
1104 934 1268 988 imperii
1289 935 1488 983 Romani,
1513 935 1598 975 sive
1620 936 1662 975 in
1688 943 1793 975 terra

245 1007 488 1047 continente
511 1006 703 1059 Europae
729 1004 814 1043 sive
837 1003 879 1044 in
902 1004 1112 1044 Hibernia
1134 1012 1234 1045 sunt
1254 1005 1500 1059 composita,
1524 1006 1794 1059 proponenda

245 1086 307 1118 est
329 1077 472 1131 igitur,
497 1084 723 1129 antequam
744 1075 843 1114 licet
863 1074 1057 1128 progredi
1078 1075 1130 1115 ad
1152 1075 1364 1116 hibernica
1387 1076 1585 1116 carmina.

706 1241 740 1274 1.
784 1233 1116 1274 Assonantia
1146 1235 1336 1275 latina.

362 1350 405 1390 S.
432 1346 693 1395 Ambrosius,
721 1346 940 1400 episeopus
963 1346 1309 1397 Mediolanensis,
1335 1347 1379 1387 in
1413 1347 1554 1388 Gallia
1585 1354 1710 1387 natus
1734 1349 1789 1399 (a,

249 1425 343 1469 333,
370 1420 473 1460 obiit
504 1434 540 1458 a.
570 1420 684 1469 397),
711 1417 849 1457 cultus
881 1416 1013 1456 (livini
1042 1417 1200 1470 publici
1231 1418 1417 1471 hymnis,
1443 1417 1688 1471 antiphonis
1712 1424 1790 1457 etc.

246 1489 482 1531 celebrandi
513 1488 673 1541 primus
704 1494 848 1527 auctor
870 1486 964 1535 fuit,
991 1486 1099 1526 sicut
1120 1487 1209 1540 ejus
1231 1487 1419 1527 notarius
1442 1487 1649 1527 Paulinus
1670 1487 1795 1527 refert

246 1563 298 1601 ad
332 1561 375 1601 S.
408 1558 699 1611 Augustinum
737 1558 950 1610 (Append.
985 1557 1037 1596 ad
1072 1571 1169 1610 opp.
1205 1557 1248 1597 S.
1287 1558 1481 1596 Ambros.
1514 1558 1579 1597 ed.
1613 1558 1792 1606 Bened„

247 1630 382 1671 Paris.
414 1633 534 1677 1690,
560 1643 602 1681 p.
629 1628 730 1680 1V):
762 1622 842 1667 “eo
863 1626 1074 1667 Ambrosii
1106 1634 1290 1680 tempore
1318 1626 1501 1680 primum
1522 1627 1792 1681 antiphonae,

245 1700 396 1755 hymni
432 1714 478 1739 ac
509 1697 677 1751 vigiliae
706 1697 750 1736 in
782 1697 955 1737 ecclesia
986 1697 1293 1737 Mediolanensi
1325 1696 1522 1737 celebrari
1552 1704 1794 1750 coeperunt,

248 1771 368 1825 cujus
399 1767 651 1810 celebritatis
675 1767 841 1807 devotio
862 1781 994 1820 usque
1016 1767 1061 1806 in
1083 1766 1334 1807 hodiernum
1355 1767 1466 1807 diem
1487 1782 1572 1807 non
1595 1768 1729 1807 solum
1752 1767 1797 1806 in

248 1843 393 1882 eadem
405 1838 591 1887 ecclesia,
609 1852 752 1877 verum
765 1852 837 1890 per
850 1852 994 1877 omnes
1006 1852 1111 1890 pene
1124 1837 1349 1878 occidentis
1361 1837 1596 1892 provincias
1609 1831 1796 1877 inanet.³'

362 1909 528 1964 Hymni
565 1909 608 1949 S.
649 1907 861 1947 Ambrosii
901 1914 1141 1947 tetrametro
1178 1907 1389 1947 iambico*
1424 1906 1644 1960 compositi
1679 1914 1794 1955 sunt,

341 2071 357 2086 *⁸
382 2070 437 2102 De
463 2072 576 2100 metro
601 2071 738 2110 praeter
764 2070 977 2098 structuram
1003 2070 1228 2098 assonantem
1245 2063 1408 2097 adhibito
1425 2063 1462 2096 in
1480 2063 1522 2096 iis
1540 2062 1681 2107 hymnis
1700 2062 1797 2095 Beda

252 2127 412 2171 disputat
436 2124 473 2157 111
496 2123 617 2157 11116110
645 2123 687 2155 (16
712 2126 786 2154 arte
804 2121 949 2154 metrica
969 2120 1039 2165 (ed.
1061 2120 1169 2153 Basil.
1194 2122 1222 2161 1,
1245 2120 1320 2164 56):
1338 2118 1522 2153 “Metrum
1540 2119 1730 2152 iambicum
1748 2123 1798 2152 te-

251 2188 460 2217 trametrum
486 2180 612 2224 recipit
636 2179 793 2212 iambum
811 2178 897 2211 locis
916 2177 1093 2217 omnibus,
1113 2176 1311 2220 spondeum
1328 2181 1467 2209 tantum
1486 2175 1571 2208 loeis
1590 2175 1795 2219 imparibus,

252 2252 322 2285 quo
341 2239 491 2284 scriptus
510 2242 563 2270 est
581 2237 733 2281 hymnus
754 2234 910 2268 Sedulii:
937 2236 968 2267 A
988 2234 1071 2266 solis
1090 2238 1170 2266 ortu
1185 2233 1328 2266 cardine
1344 2238 1410 2266 etc.
1438 2233 1508 2267 Sed
1526 2239 1559 2267 et
1571 2234 1798 2267 Ambrosiam

253 2308 293 2329 eo
319 2295 472 2328 maxime
497 2298 655 2332 currunt,
679 2317 686 2324 .
710 2317 717 2324 .
738 2291 774 2323 in
799 2291 927 2335 quibus
951 2289 1190 2336 pulcherrimo
1218 2295 1271 2322 est
1295 2289 1421 2323 decore
1439 2290 1655 2335 compositus
1684 2291 1737 2334 hy
1749 2302 1799 2322 111-

252 2364 274 2385 n
289 2364 337 2384 115
370 2351 613 2383 beatorum
647 2353 917 2392 martyrum,
939 2347 1040 2392 cujus
1066 2347 1143 2380 loca
1170 2346 1318 2390 imparia
1335 2347 1525 2391 spondeus,
1546 2346 1683 2380 iambus
1701 2352 1800 2380 tenet

251 2407 362 2452 paria.
397 2406 540 2451 Recipit
566 2406 631 2438 hoe
658 2410 810 2437 metrum
837 2403 1037 2448 aliquoties,
1066 2407 1107 2436 ut
1131 2402 1254 2436 scribit
1277 2403 1424 2436 Mallius
1449 2404 1667 2443 ’[11601101115,
1693 2403 1799 2435 6113111

253 2460 494 2507 tribrachyn.”
529 2460 747 2495 Assonantia
771 2459 932 2492 adhibita
951 2460 1057 2503 juxta
1075 2460 1225 2492 latinum
1244 2464 1395 2493 metrum
1413 2464 1485 2492 tam
1502 2459 1675 2503 incipiens
1694 2469 1798 2502 quam

254 2520 468 2566 syllabarum
502 2518 682 2557 finalium,
710 2516 890 2550 interdum
923 2516 1028 2549 etiam
1053 2516 1268 2557 mediarum,
1297 2527 1368 2548 11011
1393 2516 1509 2549 3116113
1533 2520 1586 2549 est
1617 2526 1637 2547 a
1663 2513 1800 2559 gallicis

255 2577 413 2622 ejusdem
431 2575 556 2609 aetatis
574 2574 701 2619 poetis,
723 2585 753 2606 e.
774 2584 827 2617 gr.
847 2571 1021 2612 Ausonio,
1042 2572 1078 2605 in
1097 2572 1209 2617 epigr.
1235 2575 1243 2604 1
1264 2586 1271 2605 z

472 2631 617 2666 Phoebe
639 2635 642 2674 Ι
664 2635 790 2674 potens
808 2627 975 2668 numeris,
999 2632 1003 2671 Ι
1025 2639 1162 2673 praeses
1179 2627 1338 2661 Tritonia
1354 2628 1468 2670 bellis,

473 2689 526 2722 Tu
545 2698 686 2733 quoque
704 2685 747 2719 ab
765 2684 860 2718 aerio
882 2687 886 2727 Ι
908 2695 1051 2729 praepes
1068 2684 1226 2717 Victoria
1242 2683 1356 2728 lapsu,

476 2747 583 2780 Come
601 2747 797 2777 serenatam
819 2744 822 2782 Ι
846 2741 979 2785 duplici
1002 2743 1005 2784 Ι
1029 2741 1223 2774 diademate
1242 2741 1388 2774 frontem

477 2803 577 2836 Serta
594 2801 719 2840 ferens,
741 2809 830 2843 quae
852 2798 855 2841 Ι
879 2797 972 2831 dona
989 2802 1106 2841 togae,
1128 2809 1217 2842 quae
1239 2798 1244 2842 Ι
1265 2797 1420 2842 praemia
1441 2801 1446 2838 Ι
1468 2809 1621 2842 pugnae.

504 2856 671 2892 Bellandi
686 2854 854 2899 fandique
877 2857 880 2894 Ι
902 2859 1025 2899 potens
1042 2854 1240 2897 Augustus,
1262 2855 1432 2887 honorem

506 2915 565 2948 Bis
583 2920 706 2947 meret.
