1920 3220
241 162 324 199 922
525 164 603 204 VI.
632 167 668 203 2.
714 178 1007 206 CONSTRUCTIO
1030 180 1212 207 POETICA
1236 182 1496 210 HIBERNiCA.

357 277 448 313 165.
486 278 564 318 Qui
591 275 594 330 Ι
622 280 771 316 modica
793 280 940 328 spernit
965 277 969 332 Ι
996 281 1137 318 minuit
1162 282 1167 330 Ι
1193 283 1339 331 majora
1357 297 1425 332 per
1445 285 1573 320 horas.

355 346 447 381 170.
485 342 488 396 Ι
515 347 588 383 Cui
609 351 755 383 secreta
775 347 931 395 quidem
957 343 961 399 Ι
990 349 1121 385 credas
1149 348 1154 398 Ι
1182 350 1398 387 cautissime
1424 351 1430 400 Ι
1457 363 1578 387 cerne.
1595 349 1615 368 *

349 431 547 485 Aspirata
567 432 594 472 Ῐι
611 446 697 472 non
713 440 776 473 est
792 447 998 474 consonae
1015 434 1119 484 loco,
1142 437 1213 475 sed
1230 436 1361 476 vocali
1379 437 1565 490 aequalis
1582 437 1778 477 habetur:

354 527 446 563 160.
483 530 673 576 Tempora
693 528 785 564 dum
805 529 964 573 variant,
998 526 1001 580 Ι
1031 531 1177 566 animus
1200 532 1248 567 sit
1271 545 1420 580 semper
1448 529 1451 583 Ι
1477 533 1675 568 honestus.

354 595 447 630 179.
485 592 487 645 Ι
512 597 665 631 Aurum
685 596 838 632 flamma
857 597 1006 644 probat,
1039 596 1044 645 Ι
1070 598 1240 634 homines
1261 599 1422 634 tentatio
1438 599 1577 646 justos.

350 685 484 724 Juxta
515 691 731 725 externam
763 691 984 737 utramque
1015 686 1300 726 assonantiam
1329 700 1417 726 non
1437 687 1554 728 deest
1574 689 1701 728 etiam
1723 688 1783 728 in—

237 760 375 794 terna:

381 837 448 873 49.
483 837 653 873 Plurima
674 836 835 873 discenti
859 836 864 885 Ι
893 851 1038 886 semper
1064 834 1069 890 Ι
1098 837 1280 887 sapientia
1301 838 1449 875 crescit.

377 905 442 940 59.
479 906 645 940 Tantum
672 900 676 955 Ι
703 906 818 941 verba
845 905 850 954 Ι
876 906 1001 942 valent
1021 911 1205 954 quantum
1226 919 1329 942 mens
1349 906 1483 943 sentiat
1504 906 1581 942 illa.

380 971 446 1006 61.
482 972 572 1007 Non
594 972 665 1008 erit
692 969 696 1024 Ι
724 973 881 1020 antiquo
903 986 1023 1009 novus
1051 970 1054 1026 Ι
1083 975 1350 1010 anteferendus
1372 974 1527 1010 amicus.

381 1039 446 1074 73.
481 1038 613 1075 Vitam
635 1040 777 1088 quippe
806 1036 810 1092 Ι
839 1045 941 1076 tuam
968 1039 973 1088 Ι
1003 1045 1077 1076 tota
1097 1041 1233 1077 virtute
1262 1038 1265 1093 Ι
1296 1047 1413 1078 tuere.

356 1106 446 1141 137.
485 1106 543 1142 Sit
570 1102 573 1158 Ι
602 1107 671 1143 tibi
693 1120 782 1144 cura
810 1108 814 1156 Ι
843 1112 927 1144 tuae
954 1107 960 1156 Ι
989 1114 1063 1144 tota
1084 1109 1221 1144 virtute
1243 1109 1392 1145 salutis.

349 1192 564 1232 Assonant
592 1193 719 1233 etiam
750 1193 795 1234 in
826 1194 907 1243 his,
933 1201 981 1234 ut
1011 1194 1055 1234 in
1086 1193 1313 1234 hibernicis
1335 1195 1552 1249 exemplis,
1578 1209 1784 1235 consonae

236 1261 481 1303 inchoantes
503 1263 687 1303 radicem
707 1271 802 1318 post
822 1264 1049 1318 particulas
1071 1264 1116 1304 in
1138 1265 1399 1318 compositis:

354 1358 446 1394 128.
486 1356 489 1407 Ι
516 1361 674 1408 Semper
695 1360 734 1395 in
756 1372 819 1395 ore
841 1364 907 1396 tuo
929 1358 1135 1411 relsonent
1155 1361 1257 1396 bona
1277 1361 1391 1396 verba
1419 1356 1423 1411 Ι
1451 1361 1600 1397 salutis.

356 1427 446 1462 154.
484 1427 664 1474 Corporis
687 1428 873 1463 auxilium
900 1423 904 1479 Ι
931 1428 1080 1463 medico
1100 1424 1302 1479 perimitte
1324 1428 1442 1464 fideli.

354 1494 447 1528 174.
485 1495 700 1543 ObJservat
727 1494 732 1542 Ι
760 1495 913 1542 sapiens
941 1494 947 1543 Ι
975 1495 1047 1530 sibi
1067 1500 1221 1543 tempus
1243 1495 1282 1531 in
1304 1508 1366 1532 ore
1388 1495 1584 1543 loquendi,

354 1561 446 1596 175.
482 1558 700 1609 Infsipiens
722 1562 894 1610 loquitur
921 1561 926 1609 Ι
955 1567 1127 1610 spretum
1154 1559 1158 1614 Ι
1187 1562 1268 1598 sine
1290 1568 1461 1610 tempore
1483 1563 1655 1598 verbum.

350 1650 402 1689 In
425 1649 490 1689 his
513 1650 709 1691 omnibus
732 1651 972 1692 assonantia
993 1651 1131 1692 finalis
1155 1658 1217 1691 est
1238 1651 1527 1705 monosyllaba
1539 1668 1549 1700 3
1576 1651 1704 1691 rarior
1725 1660 1787 1692 est

235 1719 438 1774 bissyllaba
452 1735 460 1760 :

380 1804 445 1839 36.
479 1805 570 1840 Non
597 1803 601 1852 Ι
629 1804 762 1852 opibus
783 1805 883 1840 bona
904 1804 1005 1840 fania
1027 1805 1151 1848 datur,
1181 1804 1249 1841 sed
1270 1804 1436 1841 moribus
1463 1801 1467 1856 Ι
1496 1804 1620 1840 almis.

382 1873 448 1907 7-1.
486 1868 488 1919 Ι
515 1872 655 1908 Omnia
676 1884 744 1919 pro
765 1872 843 1907 vita
865 1876 956 1908 sunt
982 1871 987 1920 Ι
1015 1872 1220 1908 amittenda
1242 1874 1393 1909 tuenda.

358 1939 450 1974 192.
490 1983 491 1988 1
519 1939 707 1975 Omnibus
729 1944 787 1974 est
814 1938 819 1987 Ι
846 1938 980 1986 opibus
1007 1938 1013 1987 Ι
1039 1940 1174 1975 melior
1194 1941 1250 1975 vir
1277 1935 1281 1991 Ι
1309 1944 1438 1975 mente
1460 1940 1598 1976 fidelis.

352 2007 446 2043 207.
482 2006 625 2054 Diiz'yz't
649 2003 653 2057 Ι
680 2007 741 2043 hic
763 2010 908 2049 natum,
934 2006 1040 2053 virga
1062 2006 1127 2054 qui
1149 2006 1306 2055 corrz‘qz't
1330 2006 1337 2054 Ι
1362 2007 1483 2043 illum.

350 2097 429 2136 Est
450 2096 577 2136 etiam
598 2095 840 2136 assonantia
860 2095 999 2135 finalis
1017 2096 1255 2149 copulativa
1271 2110 1358 2135 una
1374 2110 1470 2135 eum
1487 2096 1664 2147 laterali,
1686 2097 1785 2137 item

236 2166 374 2207 media
395 2166 440 2206 in
460 2167 648 2207 versibus
671 2166 742 2220 qui
763 2165 963 2220 prooemii
985 2166 1074 2206 loco
1097 2173 1197 2206 sunt
1217 2165 1264 2206 in
1283 2165 1560 2215 monosticha,
1586 2171 1690 2207 1—5
1709 2183 1716 2207 :

466 2261 468 2313 Ι
493 2265 602 2299 Haec
622 2267 827 2310 praecepta
847 2262 953 2309 legat
972 2263 1133 2298 devotus
1155 2266 1193 2298 et
1220 2258 1223 2314 Ι
1251 2262 1412 2311 impleat
1437 2262 1442 2311 Ι
1469 2266 1569 2306 actii,

412 2334 414 2380 Ι
437 2332 634 2368 Virtutum
657 2330 777 2366 titulis
805 2330 810 2379 Ι
836 2330 954 2366 vitam
976 2331 1042 2378 qui
1063 2330 1215 2377 quaerit
1233 2331 1450 2373 honestam,

408 2399 483 2435 Vel
511 2395 514 2451 Ι
541 2398 717 2434 homines
739 2399 838 2434 inter
860 2399 989 2446 cupiat
1007 2398 1226 2446 praeclarus
1253 2397 1259 2446 Ι
1285 2397 1430 2441 haberi,

407 2466 481 2503 Vel
509 2462 512 2517 Ι
540 2479 688 2502 morum
716 2462 720 2517 Ι
747 2466 889 2502 meritis
912 2466 1093 2502 coelestia
1112 2479 1230 2514 regna
1257 2461 1261 2517 Ι
1290 2464 1434 2509 mereri,

410 2536 542 2581 Atque
564 2535 636 2570 deo
659 2534 813 2570 Christo
841 2532 845 2581 Ι
874 2533 1000 2570 socius
1028 2529 1032 2585 Ι
1061 2533 1140 2570 sine
1160 2533 1236 2569 fine
1255 2532 1388 2568 videri.

331 2717 347 2732 *¹*
380 2716 423 2748 In
450 2716 514 2749 hac
542 2715 737 2755 sententia,
767 2727 855 2760 quae
881 2715 987 2748 etiam
1016 2714 1202 2748 Germanis
1228 2713 1454 2759 proverbium
1480 2718 1533 2746 est
1562 2713 1653 2757 (trau
1681 2713 1788 2746 schau

240 2783 327 2805 wem
341 2772 379 2816 ἶ),
395 2772 424 2805 si
442 2777 603 2805 accurate
621 2771 821 2817 inspicitur,
837 2783 996 2816 quaeque
1014 2783 1084 2805 vox
1101 2770 1340 2804 assonantiani
1358 2769 1531 2802 initialem
1545 2768 1657 2802 offert.
1688 2769 1788 2801 Licet

241 2828 334 2861 enim
361 2828 467 2862 etiam
491 2829 632 2874 signare
649 2829 814 2873 selcreta,
836 2833 874 2862 ut
893 2840 911 2862 e
928 2839 1011 2861 mox
1030 2827 1261 2872 sequentibus
1280 2825 1451 2871 exemplis
1469 2830 1578 2870 patet,
1600 2830 1633 2859 et
1653 2825 1785 2869 quidem

239 2895 311 2917 non
329 2885 445 2919 differt
463 2897 482 2919 a
500 2885 642 2919 cuidem.
