1920 3220
258 174 341 212 946
533 174 610 213 VI.
639 178 678 213 2.
718 187 1010 214 coNsTRUCTIO
1034 188 1214 214 Poss'rlffl
1240 188 1523 215 BRITANNICA.
1555 162 1563 171 ³

398 367 468 410 ΙΙ.
544 365 953 411 Constructio
990 367 1243 425 poetica
1278 367 1664 412 britannica.

375 497 554 536 Vetusta
581 497 787 538 cambrica
817 505 1092 538 monumenta
1122 498 1320 537 orationis
1349 498 1502 550 ligatae
1530 497 1806 537 communiter

261 567 447 620 ejusdem
478 574 712 607 structurae
743 576 857 617 sunt,
883 576 931 608 ut
961 567 1176 607 hibernica
1196 574 1375 607 vetusta.
1421 568 1684 621 Syllabarum
1708 569 1807 609 certi

259 636 424 676 numeri
446 643 487 676 et
508 637 773 677 assonantiae
795 638 1082 691 cujuscunque
1104 636 1214 675 idem
1236 651 1336 675 usus
1359 636 1566 689 iidemque
1588 638 1668 678 loci
1691 646 1804 679 sunt.

260 707 322 746 Ea
345 714 510 746 tantum
532 706 746 746 invenitur
767 707 1000 755 diversitas,
1026 707 1138 759 quod
1159 705 1400 746 assonantia
1422 706 1575 755 finalis,
1597 722 1703 759 quae
1724 708 1808 747 fere

259 776 429 817 nonnisi
454 778 744 830 monosyllaba
766 784 807 817 et
828 791 990 830 semper
1010 776 1134 830 plena
1156 782 1234 824 est,
1258 790 1331 828 per
1350 776 1491 829 plures
1513 791 1654 816 versus
1677 778 1808 817 conti-

259 854 416 886 nuatur
437 847 489 886 ad
511 846 729 886 arbitrium
750 850 912 900 poetae,
933 854 981 886 ut
1003 846 1055 886 sit
1077 846 1221 886 eadem
1241 845 1407 899 saepius
1426 854 1511 885 tam
1529 847 1809 901 contraposita

260 931 385 969 quam
403 915 654 968 copulativa.
683 916 759 956 Est
776 917 901 957 etiam
918 916 962 956 in
976 916 1153 970 singulis
1165 915 1399 956 carminum
1411 916 1599 969 partibus
1612 930 1809 956 versuum

259 985 658 1034 continuandorum,
683 994 755 1025 aut
777 1001 1007 1039 paucorum
1029 994 1102 1026 aut
1122 985 1309 1040 plurium
1326 986 1655 1039 jungendorum,
1679 985 1811 1039 major

258 1055 443 1104 libertas,
469 1069 545 1094 nec
567 1055 822 1105 dominatur,
847 1065 895 1096 ut
917 1057 960 1097 in
982 1055 1207 1096 hibernicis
1230 1055 1499 1104 carminibus,
1521 1057 1700 1096 duorum
1722 1070 1809 1095 ver—

260 1140 330 1165 sus
360 1126 642 1166 membrorum
678 1126 996 1179 contrapositio,
1031 1125 1220 1179 quamvis
1253 1125 1524 1165 inveniantur
1553 1125 1689 1165 adhuc
1721 1125 1809 1179 ejus

260 1195 466 1248 exempla,
492 1197 564 1235 sed
588 1195 769 1235 invaluit
791 1196 1055 1250 singulorum
1078 1195 1358 1236 membrorum
1380 1204 1427 1236 ut
1450 1210 1647 1236 versuum
1669 1197 1808 1235 subse-

261 1265 482 1319 quentium
514 1265 753 1315 distinctio,
788 1274 900 1315 orta,
935 1274 982 1306 ut
1012 1267 1190 1313 videtur,
1225 1280 1245 1303 c
1276 1266 1543 1319 praevalente
1571 1264 1811 1305 assonantia

260 1335 378 1376 finali
400 1335 660 1375 continuata.

375 1407 434 1446 Ut
450 1405 714 1446 assonantiae
731 1406 1019 1460 cujuscunque
1031 1407 1120 1460 jam
1138 1405 1348 1446 adhibitae
1366 1405 1455 1445 sine
1472 1412 1604 1445 metro
1621 1406 1811 1459 exempla

260 1476 474 1516 hibernica
496 1482 664 1515 exstant
684 1475 992 1516 incantationes
1015 1484 1218 1524 vetustae,
1238 1476 1438 1528 leguntur
1459 1475 1585 1515 etiam
1607 1476 1810 1516 cambrica

261 1562 357 1587 cum
389 1545 641 1586 assonantiis
673 1553 854 1595 tantum,
880 1561 915 1585 e.
941 1561 1003 1599 gr.
1028 1546 1073 1585 in
1104 1545 1345 1585 nominibus
1377 1545 1569 1599 propriis,
1597 1561 1703 1599 quae
1735 1546 1811 1585 tria

261 1632 349 1657 esse
386 1617 522 1657 solent
562 1616 792 1655 secundum
825 1616 1006 1656 triadum
1038 1629 1194 1655 morem
1225 1615 1504 1664 cambricum,
1540 1615 1585 1654 in
1614 1615 1692 1655 hoc
1723 1616 1812 1655 loco

262 1686 536 1727 enarrationis
568 1686 752 1725 militum
784 1693 825 1725 et
855 1686 1037 1726 virorum
1060 1685 1257 1726 Arthuris
1280 1685 1322 1724 in
1347 1686 1461 1725 Mab.
1491 1689 1538 1734 2,
1567 1689 1639 1723 211
1670 1685 1740 1737 (cf.
1770 1689 1808 1734 2,

264 1761 359 1807 227,
386 1757 457 1797 ubi
479 1764 578 1797 sunt
600 1756 848 1796 variationes
872 1757 1118 1809 quaedam):

377 1840 524 1876 Bwlch.
552 1838 790 1887 achyuwlch.
818 1852 840 1873 α
870 1839 1035 1874 sefwlch.
1062 1839 1204 1874 mez'bon
1232 1839 1366 1888 eledyf
1379 1838 1558 1887 leyfwlch.
1585 1852 1713 1887 wyron
1737 1839 1812 1874 ele-

264 1907 520 1957 dyscliswlch.
550 1904 561 1958 ss
587 1906 656 1942 teir
675 1904 677 1947 i
694 1919 849 1954 qorwen
871 1904 873 1956 l,
889 1919 1028 1953 ,qwenn
1046 1920 1088 1941 eu
1107 1906 1174 1942 teir
1188 1906 1359 1955 ysywycl.
1388 1902 1399 1957 Η
1426 1906 1477 1941 tri
1494 1902 1498 1957 ἱ
1515 1919 1641 1954 quemn
1661 1903 1662 1956 i
1675 1918 1813 1953 ywann

265 1988 306 2010 eu
337 1974 389 2010 tri
410 1972 582 2025 {ywaezcn
612 1970 623 2024 Η
655 1973 707 2008 tri
732 1969 735 2024 ξ
762 1974 903 2021 Ῑοθῐψη.
937 1973 942 2021 1
968 1974 1090 2020 bynezc
1119 1987 1161 2009 ea
1185 1973 1402 2021 trz'cleledyf.
1431 1969 1442 2024 Η
1469 1969 1588 2023 flglas.
1622 1972 1626 2020 Ι
1653 1972 1806 2019 glessz'e.

268 2062 270 2087 ¹:
290 2042 429 2090 gleisat
449 2055 490 2076 eu
514 2040 565 2076 tri
585 2040 659 2075 clei.
688 2037 701 2092 Η
735 2041 738 2091 Ι
758 2041 828 2076 call
853 2052 854 2066 ἒ
876 2041 986 2076 cuall.
1039 2040 1174 2075 cauall.
1201 2054 1243 2075 ecc
1267 2039 1486 2076 trz'meircle.
1515 2036 1527 2091 Η
1552 2039 1808 2086 lzwyrdydwc.

265 2124 287 2146 α
309 2109 559 2155 drzccdydwc.
587 2122 607 2143 a
633 2109 890 2155 llwyrdydwc.
918 2122 959 2143 eu
983 2107 1050 2143 teir
1063 2108 1252 2155 9202·ccyecl.
1283 2104 1294 2159 Η
1319 2108 1399 2143 oelc.
1422 2108 1591 2156 ηραν-ψη
1609 2120 1629 2141 α
1649 2106 1809 2152 diaspat.

266 2191 308 2213 eu
331 2173 638 2225 teir[¹9]wyry07z.
668 2172 679 2227 ΙΙ
706 2175 859 2211 ἰῖυοΙιθῒ,
882 2180 1028 2211 mzeuet.
1051 2188 1094 2210 ac
1116 2175 1286 2211 ez'ssiwet.
1309 2189 1351 2210 eu
1375 2174 1632 2211 teirmerelzet.
1661 2169 1674 2225 ΙΙ
1697 2173 1809 2209 drove.

266 2259 286 2280 cc
302 2245 465 2293 gwaeth.
493 2241 733 2293 affgwaethaf
746 2243 810 2278 oll.
838 2256 880 2278 eu
904 2243 971 2278 teir
991 2256 1172 2291 morwyn.

380 2318 716 2360 Constructionis
747 2318 943 2357 metricae
974 2332 1241 2358 communem
1270 2318 1416 2358 faciem
1446 2317 1637 2357 celticam
1659 2324 1699 2357 et
1722 2331 1813 2370 spe.-

268 2391 415 2430 cialem
446 2396 717 2429 memoratam
747 2387 995 2427 cambricam
1021 2388 1111 2441 jam
1140 2403 1238 2441 prae
1268 2403 1311 2428 se
1340 2388 1481 2428 ferunt
1509 2394 1591 2427 tres
1622 2386 1813 2427 versiculi

267 2460 445 2514 primam
476 2460 646 2512 linguae
678 2457 906 2498 cambricae
938 2465 1116 2497 aetatem
1140 2458 1364 2512 scriptione
1385 2465 1425 2497 et
1446 2457 1587 2497 formis
1609 2471 1813 2510 gramma-

268 2531 462 2571 ticalibus
491 2530 730 2583 prodentes,
756 2541 858 2580 quos
890 2541 911 2566 e
940 2527 1079 2567 codice
1109 2529 1136 2567 J
1140 2528 1289 2568 uvenci
1311 2527 1649 2580 Cantabrigiensi
1676 2525 1813 2581 publi-

268 2601 378 2641 cavit
409 2601 572 2653 Lhwyd
595 2598 832 2651 (Archaeol.
859 2597 966 2637 Brit.
993 2613 1033 2650 p.
1062 2602 1166 2646 221;
1202 2599 1253 2638 cf.
1280 2599 1428 2638 Owen.
1455 2597 1645 2638 Gramm.
1671 2612 1712 2650 p.
1743 2599 1810 2648 7):

382 2670 447 2710 Na·
479 2683 724 2724 ῃῑιονεοδαηι
759 2667 1045 2707 nemleewzam·
1083 2667 1236 2707 henoz'cl
1262 2668 1405 2708 mitelu
1435 2668 1497 2708 nit
1521 2681 1727 2721 yurmccm·
1758 2665 1817 2705 mi

270 2741 468 2795 amfrcme
490 2741 586 2779 clam
609 2738 827 2778 anealcmr.

384 2812 575 2853 Quorum
614 2807 902 2855 assonantiae,
936 2806 968 2846 si
1006 2806 1298 2859 significantur
1327 2815 1373 2847 ut
1405 2822 1529 2862 supra
1559 2807 1811 2854 hibernicae,

268 2888 392 2920 erunt
412 2880 512 2920 hae:
