1920 3220
198 160 211 196 1
230 157 303 195 134
856 163 1081 191 ADDENDA.

198 262 294 309 tis.''
338 267 449 306 Sunt
480 271 621 304 autem
644 263 857 304 Aldhelmi
889 262 1128 317 rhythmica
1158 262 1230 302 illa
1258 262 1301 302 in
1331 262 1462 302 forma
1483 262 1747 302 assonantiae

197 336 426 390 composita
449 349 575 388 supra
595 342 822 374 memorata
845 338 904 387 (p.
933 335 1048 385 923).
1093 333 1182 373 Nec
1205 348 1290 372 non
1313 333 1423 373 idem
1446 341 1561 386 patet
1583 348 1634 373 ex
1655 333 1747 373 aliis

197 405 469 449 testimoniis:
500 401 715 445 “Versum
747 404 949 444 scoticum
979 404 1208 443 noluerunt
1229 404 1295 443 vel
1324 403 1627 457 rhythmice
1660 418 1748 443 seu

197 477 419 520 metrice
453 475 499 515 in
531 474 733 514 Latinum
765 468 914 514 ve1·ti.³'
956 474 1056 514 Vita
1088 474 1131 513 S.
1166 474 1345 514 Declani
1376 488 1442 527 ap.
1472 475 1578 514 Bell.
1606 474 1675 525 (cf.
1702 488 1744 526 p.

200 553 297 597 944,
322 549 450 598 not.).
485 541 786 598 “Apostolicae
816 544 926 584 sedis
954 544 1146 597 pontifex
1174 558 1260 583 non
1283 545 1419 584 solum
1441 559 1503 592 ea,
1529 559 1634 597 quae
1654 545 1749 584 bea-

199 628 267 659 tus
297 617 359 657 vir
380 615 596 656 Notkerus
620 615 862 663 dictaverat,
889 629 1036 654 verum
1058 614 1184 654 etiam
1205 629 1268 663 ea,
1294 630 1399 668 quae
1422 615 1523 655 socii
1544 623 1585 654 et
1605 615 1750 654 fratres

198 690 288 743 ejus
318 688 364 727 in
393 687 539 726 eodem
570 685 825 725 monasterio
849 685 892 725 S.
920 685 1035 725 Galli
1057 693 1392 738 composuerant,
1418 685 1560 725 onmia
1582 685 1750 725 canoni—

198 759 332 807 zavit,
368 756 562 797 videlicet
592 756 789 810 hymnos,
825 755 1082 808 sequentiaS,
1118 762 1272 809 tropos,
1306 755 1497 804 letanias,
1523 769 1750 808 omnesque

199 830 455 877 cantilenas,
491 826 769 875 rithmice,
804 825 1026 866 metrice
1060 826 1126 865 vel
1162 825 1347 879 prosaice
1388 840 1489 879 quas
1523 820 1750 865 fecerant.”

200 898 445 942 Ekkehardi
467 898 568 939 Vita
590 900 640 937 Β.
666 896 846 936 Notkeri
877 911 944 950 ap.
971 896 1163 936 Goldast.
1195 900 1231 945 1,
1258 900 1353 935 236.
1394 892 1602 936 “Parvuli
1622 895 1752 936 latine

198 987 273 1027 pro
302 984 450 1018 nosse,
487 967 615 1007 medii
646 966 926 1016 rithmice,
963 966 1089 1007 ceteri
1120 981 1214 1006 vero
1251 966 1495 1016 metrice,
1532 967 1650 1021 quasi
1678 982 1752 1021 pro

198 1041 342 1083 rostris
373 1038 547 1080 retorice
578 1037 705 1078 etiam
738 1037 981 1091 episcopum
1012 1032 1238 1078 affantur.”
1281 1037 1527 1077 Ekkehardi
1549 1039 1681 1078 Casus
1706 1038 1749 1077 S.

200 1112 315 1154 Galli
337 1126 404 1165 ap.
432 1111 573 1150 Pertz.
602 1113 640 1157 2,
669 1113 736 1147 91.

314 1206 364 1245 P.
388 1207 484 1252 918,
504 1202 534 1242 1.
558 1206 624 1241 25.
660 1201 915 1242 Assonantia
939 1215 1022 1240 una
1046 1216 1141 1241 cum
1161 1201 1415 1255 syllabarum
1433 1210 1543 1242 certo
1560 1217 1749 1251 numero,

201 1277 311 1330 quod
344 1281 407 1315 est
434 1272 651 1327 proprium
683 1272 852 1312 celticae
882 1271 1037 1311 formae
1064 1272 1264 1324 poeticae,
1291 1272 1474 1325 primum
1496 1273 1755 1313 animadver-

203 1348 306 1388 titur
333 1346 378 1385 in
410 1343 572 1398 psalmo
608 1343 651 1383 S.
686 1342 933 1396 Augustini.
980 1343 1078 1382 Una
1108 1344 1335 1395 eademque
1368 1343 1520 1383 vocalis
1552 1358 1572 1383 ο
1602 1343 1754 1383 finiens

203 1431 347 1457 omnes
376 1428 535 1463 versus,
562 1413 804 1453 assonantia
833 1413 962 1466 igitur
985 1427 1109 1465 quam
1140 1413 1308 1462 dixeris,
1345 1413 1559 1454 invenitur
1586 1414 1756 1467 quidem

204 1488 328 1528 etiam
362 1486 405 1525 in
437 1484 620 1524 carmine
649 1487 795 1537 poetae
827 1483 1067 1522 vetustioris
1090 1484 1382 1524 Commodiani
1412 1484 1634 1538 inscripto:
1670 1485 1756 1524 No-

203 1573 301 1598 men
332 1554 489 1597 Gazaei
518 1554 647 1606 (Bibl.
679 1556 792 1594 Patr.
823 1558 860 1603 3,
890 1558 984 1593 650.
1013 1558 1128 1603 (551),
1163 1555 1234 1593 sed
1266 1555 1382 1594 deest
1410 1562 1547 1595 certus
1579 1555 1757 1609 syllaba-

204 1643 299 1669 rum
330 1640 530 1667 numerus
554 1631 635 1676 (est
666 1625 778 1665 enim
810 1623 1043 1664 hexametri
1072 1623 1194 1663 latini
1216 1623 1396 1665 imitatio
1418 1626 1482 1665 vel
1505 1625 1637 1665 forma
1657 1625 1758 1665 libe-

205 1700 320 1752 rior),
345 1705 386 1738 et
416 1696 568 1736 finiens
600 1711 621 1736 0
652 1710 794 1736 versus
817 1710 960 1735 omnes
982 1694 1075 1734 ideo
1098 1701 1265 1734 tantum
1288 1696 1485 1748 adoptata
1507 1696 1687 1744 videtur,
1714 1703 1761 1736 ut

206 1770 260 1810 sit
289 1776 426 1809 certus
457 1767 553 1807 finis
586 1781 782 1806 versuum
815 1765 1031 1819 oppositus
1062 1772 1172 1804 certo
1205 1765 1341 1815 initio,
1368 1767 1479 1819 quod
1509 1766 1668 1806 scilicet
1698 1774 1760 1806 est

207 1855 361 1881 nomen
382 1841 529 1893 poetae
551 1836 879 1877 Commodianus
902 1850 997 1875 cum
1020 1835 1269 1889 cognomine
1292 1837 1515 1877 Mendicus
1534 1836 1694 1877 Christi
1715 1836 1760 1876 in

208 1910 441 1951 initialibus
463 1908 595 1948 literis
618 1922 814 1946 versuum
836 1914 944 1946 retro
968 1906 1100 1946 lectis.

324 2004 372 2043 P.
401 2005 497 2050 921,
522 2001 551 2040 1.
580 2005 618 2039 9.
666 2000 730 2039 Ex
760 1999 1071 2053 Antiphonario
1101 1999 1343 2039 monasterii
1375 2000 1679 2040 Bene-herensis
1716 2000 1760 2040 in

211 2072 419 2114 Hibernia
451 2078 551 2111 sunt
580 2085 723 2110 versus
755 2077 849 2124 post
880 2070 1087 2124 hymnum
1120 2070 1351 2110 Secundini
1381 2069 1424 2109 in
1458 2070 1501 2110 S.
1530 2071 1761 2110 Patricium

209 2144 328 2185 allati
361 2150 402 2183 et
426 2141 608 2182 desumti
630 2156 653 2180 a
674 2155 740 2180 me
764 2154 784 2179 e
810 2140 1070 2181 Bibliotheca
1091 2148 1274 2195 patrum.
1320 2142 1355 2180 E
1377 2140 1661 2181 vetustissimo
1683 2142 1762 2181 hoc

210 2212 522 2268 antiphonario,
557 2213 669 2265 quod
702 2211 961 2251 Muratorius
992 2227 1013 2251 e
1045 2212 1185 2252 codice
1216 2211 1492 2252 bibliothecae
1523 2212 1761 2252 Ambrosia-

212 2300 291 2326 nae
322 2283 477 2325 saeculi
508 2282 659 2331 octavi,
685 2289 732 2321 ut
765 2281 930 2321 videtur
961 2282 1109 2322 editori
1132 2282 1325 2335 (Antiqq.
1352 2282 1450 2322 Ital.
1482 2287 1518 2331 3,
1546 2288 1649 2331 6693
1677 2297 1762 2322 sae-

213 2357 308 2396 culo
333 2355 417 2395 VII
440 2353 506 2393 vel
528 2353 640 2393 VIII
665 2367 760 2391 eum
783 2352 974 2392 attribuit
995 2357 1091 2392 Am.
1119 2354 1299 2406 Peyron,
1324 2352 1456 2393 Cicer.
1482 2361 1585 2393 orat.
1610 2354 1758 2406 fragm.

213 2427 327 2466 ined.
348 2440 390 2479 p.
414 2427 529 2477 224),
550 2422 781 2477 publicavit
801 2422 846 2462 in
870 2430 982 2463 tomo
1006 2424 1067 2463 IV
1084 2424 1413 2472 Anecdotorum,
1436 2423 1508 2477 qui
1528 2423 1633 2463 liber
1649 2438 1763 2463 nunc

216 2499 385 2537 demum
426 2495 471 2534 in
512 2508 662 2534 manus
703 2507 815 2533 meas
858 2493 996 2542 venit,
1036 2494 1241 2546 proferam
1278 2494 1405 2533 etiam
1442 2493 1523 2533 alia
1559 2495 1763 2547 quaedam

216 2566 410 2620 exempla
430 2564 670 2605 hibernicae
692 2570 925 2603 structurae
946 2563 1131 2617 poeticae
1154 2563 1198 2603 in
1220 2564 1407 2604 versibus
1430 2564 1586 2604 latinis.

332 2665 535 2719 Ejusdem
572 2664 716 2713 metri,
750 2663 869 2716 cujus
909 2671 971 2703 est
1001 2663 1185 2717 hymnus
1217 2662 1447 2702 Secundini
1476 2662 1521 2701 in
1553 2662 1595 2702 S.
1631 2663 1765 2702 Patri-

219 2737 330 2776 cium
361 2737 444 2787 (ed.
478 2736 636 2774 Murat.
671 2750 712 2788 p.
743 2739 862 2786 136),
903 2742 1147 2774 octonarum
1178 2733 1434 2787 syllabarum
1465 2733 1509 2772 in
1540 2733 1762 2786 prioribus,

218 2813 486 2859 septenarum
518 2804 562 2844 in
593 2805 892 2858 posterioribus
923 2804 1133 2853 membris,
1160 2812 1223 2844 est
1243 2804 1371 2844 etiam
1392 2805 1593 2856 Hymnus
1618 2806 1661 2844 S.
1689 2804 1766 2844 Ca-

219 2875 366 2915 melaci
391 2884 450 2929 (p.
481 2879 593 2928 142),
621 2875 753 2915 tribus
777 2875 958 2929 strophis
980 2882 1192 2923 constans,
1218 2889 1395 2927 quarum
1417 2882 1480 2914 est
1502 2874 1655 2927 prima:
