1920 3220
410 171 487 210 VI.
518 173 554 210 2.
601 183 895 210 cons‘rssue'rw
920 183 1099 210 romum
1125 182 1384 210 nnnnmm.
1592 169 1673 206 919

121 294 292 325 octonas
314 283 506 337 syllabas.
553 281 809 322 Assonantia
832 282 969 321 finalis
992 283 1230 335 copulativa
1253 282 1499 322 continuata
1521 296 1541 320 e
1562 296 1671 320 cmu-

122 354 347 395 monefacit
377 351 642 394 assonantiae
673 351 942 392 continuatae
972 351 1271 392 usitatissimae
1300 353 1413 405 apud
1445 351 1671 392 cambricos

122 428 279 478 poetas.
326 423 496 463 Profero
525 423 628 463 duas
657 421 811 475 primas
844 421 1036 475 strophas
1063 422 1193 476 (opp.
1220 422 1274 462 D.
1300 423 1503 476 August„
1530 422 1668 474 Lugd.

130 499 248 535 1586.
279 499 316 542 7,
341 508 382 547 p.
411 496 477 545 3):

319 589 571 627 Abundantia
591 592 835 637 peccatorum
859 584 870 640 Ι(
895 589 991 625 solet
1013 589 1148 625 fratres
1171 590 1418 629 conturbare;

263 661 423 706 Propter
443 658 515 693 hoc
537 657 715 693 dominus
737 661 868 693 noster
891 652 903 708 Η
927 657 1049 693 voluit
1068 669 1139 692 nos
1160 668 1422 704 praemonere,

265 729 501 774 Comparans
522 737 684 773 regnum
705 724 899 760 coelorum
922 719 934 775 ΙΙ
957 723 1117 760 reticulo
1138 724 1257 760 misso
1279 724 1318 759 in
1339 737 1455 764 marc,

267 792 526 841 Congreganti
546 792 689 828 multos
709 792 849 840 pisces,
879 787 891 843 ΙΙ
916 805 1027 828 omne
1050 805 1172 840 genus
1194 792 1283 828 hine
1305 797 1343 828 et
1364 792 1466 828 inde.

267 864 374 903 Quos
398 874 485 897 cum
506 860 714 896 traxissent
736 860 781 895 ad
804 859 909 904 litus,
939 856 951 912 Η
976 868 1065 896 tunc
1089 864 1297 908 coeperunt
1319 872 1506 907 separare,

264 931 393 966 Bonos
416 929 455 964 in
475 941 567 964 vasa
588 928 788 965 miserunt,
818 922 830 978 Η
854 927 1023 975 reliquos
1046 928 1166 964 malos
1189 929 1228 964 in
1249 941 1366 964 mare.

265 997 452 1045 Quisquis
474 996 608 1032 recolit
629 994 882 1041 evangelium,
913 991 924 1047 ΙΙ
948 1000 1197 1044 recognoscat
1219 1009 1305 1032 cum
1327 996 1474 1035 timore.

262 1066 379 1101 Videt
398 1064 602 1100 reticulum
624 1062 837 1105 ecclesiam,
868 1058 879 1114 Η
904 1064 1007 1099 videt
1028 1064 1100 1099 hoc
1123 1064 1320 1100 saeculum
1342 1076 1458 1104 mare,

264 1134 396 1169 Genus
419 1135 548 1167 autem
567 1130 731 1166 mixtum
752 1129 869 1177 piscis
893 1126 904 1182 Η
923 1130 1056 1177 justus
1079 1138 1137 1167 est
1159 1144 1246 1167 cum
1267 1136 1479 1180 peccatore.

263 1200 415 1236 Saeculi
435 1199 522 1235 finis
545 1202 603 1234 est
624 1198 730 1237 litus,
760 1193 772 1249 Η
795 1202 887 1234 tunc
910 1202 969 1233 est
989 1204 1142 1246 tempus
1164 1211 1353 1247 separare,

265 1268 429 1308 Quando
452 1267 546 1302 retia
567 1270 767 1314 ruperunt,
797 1261 809 1317 {l
833 1265 998 1301 multum
1020 1266 1239 1302 dilexerunt
1259 1278 1376 1302 mare.

262 1337 365 1372 Vasa
387 1339 478 1372 sunt
500 1334 611 1370 sedes
634 1338 865 1377 sanctorum,
895 1328 907 1385 ΙΙ
932 1347 1008 1381 quo
1030 1347 1107 1370 non
1129 1338 1294 1382 possunt
1314 1334 1526 1382 pervenire.

318 1439 451 1474 Bonus
473 1436 624 1472 auditor
645 1436 806 1472 fortasse
831 1430 843 1487 Η
868 1435 1038 1483 quaerit:
1066 1435 1132 1483 qui
1152 1440 1337 1484 ruperunt
1359 1439 1466 1472 rete?

260 1506 452 1542 Homines
474 1505 639 1540 multum
663 1504 830 1552 superbi,
861 1499 872 1555 Η
897 1503 962 1551 qui
979 1504 1109 1551 justos
1133 1516 1172 1539 se
1195 1503 1327 1539 dicunt
1350 1516 1448 1539 esse.

263 1575 325 1611 Sic
347 1575 520 1609 fecerunt
543 1572 748 1608 scissuram
771 1576 807 1607 et
832 1567 843 1622 Η
868 1572 984 1607 altare
1008 1576 1139 1607 contra
1160 1571 1291 1607 alt-are.

263 1640 429 1677 Diabolo
452 1653 491 1676 se
514 1640 765 1679 tradiderunt,
796 1634 807 1690 [Ι
833 1652 920 1675 cum
940 1643 1116 1687 pugnant
1137 1639 1182 1674 de
1205 1639 1422 1681 traditione,

262 1710 313 1745 Et
336 1709 478 1744 crimen
501 1708 604 1755 quod
626 1707 912 1751 commiserunt,
942 1703 954 1758 l}
978 1707 1017 1742 in
1039 1707 1133 1742 alios
1155 1707 1290 1743 volunt
1312 1708 1530 1744 transferre.

265 1777 345 1824 Ipsi
366 1776 604 1813 tradiderunt
625 1776 744 1811 libros
768 1771 780 1826 ΙΙ
804 1780 841 1811 et
862 1788 933 1811 nos
955 1775 1099 1811 audent
1120 1788 1312 1819 accusare,

264 1848 318 1882 Ut
338 1844 450 1893 pejus
473 1843 713 1880 committant
736 1843 875 1887 scelus,
905 1839 916 1894 Η
941 1855 1057 1890 quam
1079 1844 1354 1880 commiserunt
1375 1849 1414 1880 et
1434 1851 1535 1880 ante.

263 1913 379 1954 Quod
399 1917 559 1960 possent
581 1923 735 1946 causam
757 1910 941 1946 librorum
964 1906 976 1962 Η
1001 1923 1184 1946 excusare
1206 1911 1252 1946 de
1274 1911 1423 1955 timore,

263 1980 379 2022 Quod
401 1982 538 2016 Petrus
562 1978 761 2015 Christum
781 1978 947 2025 negavit,
977 1974 989 2030 ΙΙ
1014 1979 1106 2014 (111111
1127 1983 1333 2016 terreretur
1354 1980 1401 2015 de
1423 1984 1557 2023 morte,

261 2050 380 2086 Modo
402 2061 478 2096 quo
499 2050 612 2095 paeto
634 2046 875 2082 excusabunt
898 2042 910 2098 Η
934 2047 1080 2083 factum
1101 2047 1219 2083 altare
1242 2052 1373 2083 contra
1394 2047 1512 2084 altare
1526 2049 1541 2082 ¹?

261 2119 314 2155 Et
333 2129 427 2166 pace
451 2115 596 2152 Christi
618 2114 813 2150 conscissa
835 2110 847 2165 Η
872 2126 980 2163 spem
999 2120 1151 2163 ponunt
1172 2115 1212 2151 in
1233 2115 1417 2151 homine?

264 2185 379 2226 Quod
399 2186 622 2232 persecutor
642 2195 720 2218 non
741 2182 844 2227 fecit,
873 2178 886 2234 Η
910 2183 983 2231 ipsi
1005 2183 1180 2220 fecerunt
1199 2184 1239 2219 in
1260 2196 1368 2232 pace.

120 2294 306 2328 sententiis
325 2294 398 2327 suis
417 2292 591 2337 incipiens
609 2303 629 2324 a
645 2291 812 2325 membris
831 2293 1046 2337 syllabarum
1064 2292 1304 2337 septendecim
1317 2296 1353 2326 et
1366 2291 1492 2325 finiens
1507 2292 1673 2326 membris

119 2350 248 2395 viginti
275 2350 438 2383 duarum.
473 2349 584 2383 Indos
603 2348 638 2381 in
658 2361 872 2394 quocunque
890 2349 961 2383 fere
979 2350 1148 2383 scientiae
1166 2349 1221 2383 vel
1239 2348 1325 2382 artis
1343 2361 1472 2393 genere
1490 2349 1580 2382 bene
1598 2362 1673 2383 ver-

119 2413 214 2441 satos
239 2407 458 2452 rhythmum,
479 2406 503 2439 i.
524 2417 554 2439 e.
576 2405 761 2438 certiorem
783 2405 998 2450 syllabarum
1016 2406 1178 2440 brevium
1197 2410 1232 2440 et
1249 2406 1438 2450 longarum
1457 2406 1618 2440 ordinem
1636 2407 1672 2440 111

120 2465 333 2509 quibusdam
358 2463 502 2498 distichi
528 2463 615 2496 locis
641 2462 841 2506 adoptasse,
862 2462 918 2496 vel
936 2462 1130 2507 etiamjam
1148 2463 1388 2497 assonantiam
1407 2463 1547 2496 finalem
1566 2464 1673 2497 inter-

121 2521 207 2554 dum
234 2521 279 2554 ad
306 2521 476 2566 majorem
505 2524 671 2553 ornatum
696 2518 888 2559 addidisse,
910 2519 989 2563 quis
1007 2519 1222 2553 mirabitur?
1247 2521 1304 2567 Ita
1321 2520 1358 2554 111
1382 2521 1668 2564 Ghatakurparo,

121 2577 221 2622 cujus
241 2577 394 2621 primum
413 2577 547 2611 slocum
566 2575 699 2621 profert
719 2575 879 2620 Boppius
898 2576 933 2609 in
954 2576 1111 2610 editione
1129 2576 1213 2610 Nali
1234 2577 1356 2621 (praef.
1378 2589 1412 2621 p.
1434 2577 1537 2622 VIII)
1555 2592 1561 2611 :

165 2644 377 2687 nilsehz'tcmy
396 2644 500 2677 lclzam
522 2646 647 2689 upefflgsa
666 2643 828 2677 nix-adaih
848 2645 858 2688 {l
870 2644 1441 2688 prt'gsalelndh7'z'daydecczniradaih

165 2701 302 2734 sale'lae'r
318 2701 456 2734 niln'tan
474 2702 644 2734 radschale
664 2701 830 2735 kschitau
849 2700 859 2743 ll
878 2701 1191 2734 rawitselzandrdw
1209 2701 1270 2745 api
1285 2701 1602 2745 mi’palaksehitau.

121 2769 178 2801 En
204 2769 443 2802 assonantiam
464 2768 605 2802 finalem
623 2769 899 2814 contrapositam
917 2769 1140 2814 bisyllabam,
1162 2769 1250 2803 adeo
1268 2769 1498 2814 trisyllabam,
1520 2770 1672 2815 syllabas

121 2826 156 2858 in
184 2825 292 2870 priori
317 2825 475 2859 membro
502 2825 674 2870 cujusque
691 2837 814 2859 versus
832 2831 955 2860 exacte
973 2826 1106 2867 decem,
1128 2827 1164 2859 in
1184 2826 1370 2870 posteriori
1389 2827 1566 2861 undecim.
1604 2829 1672 2862 Sed

123 2882 265 2916 unicum
284 2882 350 2916 hoc
369 2882 571 2927 exemplum
589 2882 814 2916 assonantiae
831 2883 919 2917 mihi
938 2883 1121 2928 cognitum
1141 2887 1205 2916 est.
