1920 3220
413 171 465 209 V.
494 174 531 209 2.
577 182 838 210 conrosrrio
861 182 1133 209 mur-mmm
1158 182 1390 209 xoMiNUM.
1599 166 1678 205 859

132 284 296 335 vestris)
321 287 359 332 2,
387 285 482 322 226.
516 281 716 322 εαίιιανεῖι
740 284 890 335 (equus
918 291 1104 334 pugnae)
1130 286 1167 331 2,
1200 287 1262 320 10.
1298 280 1470 336 tylwyllc
1493 282 1677 331 (agmen,

132 353 386 394 habitatores
413 354 577 401 domus,
599 352 775 404 familia)
797 355 834 400 2,
861 354 925 391 12.
960 352 1139 405 maendgs
1163 353 1329 404 (domus
1352 349 1562 404 lapidibus
1586 362 1681 387 con·

132 426 308 477 structa)
333 427 371 472 2,
400 427 495 463 234.
541 423 694 464 Corn.:
722 421 893 462 (lenlallc
916 421 1227 473 (homicidium)
1253 423 1370 462 Pass.
1402 424 1494 468 124,
1523 423 1561 458 2.
1606 421 1682 458 Ar-

131 509 262 535 mor.:
308 493 452 534 leamli
482 494 649 545 (domus
682 491 1093 541 sanctimonialium,
1126 491 1448 543 monasterium)
1472 490 1584 530 Buh.
1617 492 1680 535 15,

136 569 201 604 15.
230 568 296 613 35,
324 569 363 604 4.

246 634 357 674 Sunt
393 634 452 674 ita
488 634 717 687 composita
748 633 921 673 nomina
951 632 1137 672 virorum
1166 639 1207 672 et
1236 630 1489 671 feminarum
1520 639 1686 670 vetusta

132 705 268 759 plura.
314 704 554 745 Cambrica:
597 704 878 758 Catqualalgsr
901 702 1017 755 (belli
1039 703 1144 754 dux)
1168 702 1261 741 Lib.
1288 701 1423 741 Land.
1455 704 1547 740 121.
1590 702 1685 739 Cat-

131 775 234 816 uatlt
258 777 444 828 (pugnae
475 775 613 827 ardor)
641 779 734 813 191.
780 773 915 814 Clotre'
942 775 1090 827 (germ.
1126 772 1426 820 Chlodoricus,
1461 769 1593 824 gloria
1624 769 1685 808 in-

133 845 283 899 signis)
317 849 410 884 168.
442 849 535 884 169.
584 845 782 886 Ourdz'lat
813 840 1037 898 (“puella,
1072 843 1158 883 filia
1190 836 1424 896 Cingual³³3
1461 841 1489 880 i.
1515 856 1550 880 e.
1587 854 1687 879 auro

132 916 308 964 vestita3
349 915 402 955 cf.
450 915 691 970 Creiclgslat,
736 930 892 955 nomen
928 914 1108 954 feminae
1145 928 1280 967 comp.
1315 927 1411 952 cum
1448 911 1531 965 adj.
1573 924 1684 964 crey,

132 987 394 1040 splendidus,
419 986 464 1025 in
497 986 612 1025 Mab.
641 989 679 1035 2,
707 989 803 1034 212,
829 986 961 1026 subst.
986 999 1113 1024 maso.
1142 983 1251 1024 dilect
1277 997 1394 1023 verso
1424 982 1469 1022 in
1498 982 1615 1029 fem„
1642 988 1689 1019 ut

131 1072 195 1111 gr.
220 1055 393 1098 πέπλον
419 1056 465 1096 in
488 1052 511 1111 ἡ
533 1053 858 1111 χρυσόπεπλος)
884 1059 980 1095 260.
1024 1054 1261 1095 Armorica:
1295 1053 1542 1101 C'atlwiarn,
1570 1050 1688 1091 Bud-

131 1127 282 1168 lcoz'arn
306 1127 479 1179 (ferrum
501 1142 682 1180 pugnae,
710 1126 924 1178 victoriae)
948 1133 1026 1165 etc.
1052 1125 1097 1164 in
1119 1125 1252 1164 chart.
1277 1124 1416 1164 Rhed.

247 1198 356 1238 Cum
378 1197 522 1237 eodem
545 1196 807 1236 substantivo
828 1196 993 1249 saepius
1011 1195 1132 1235 obvio
1149 1195 1194 1234 in
1210 1195 1346 1249 priore
1363 1195 1453 1234 loco
1470 1192 1536 1232 vel
1552 1199 1688 1246 poste-

132 1268 238 1308 riore
266 1282 388 1321 posse
417 1266 604 1307 obtinere
636 1265 996 1320 compositionem,
1023 1265 1137 1305 utin
1168 1279 1419 1319 quacunque
1440 1264 1587 1317 lingua
1609 1261 1691 1302 alia

133 1337 265 1387 affini,
292 1337 363 1377 vix
393 1346 470 1386 est,
498 1338 609 1390 quod
637 1344 883 1384 moneatur3
917 1336 1049 1390 magis
1079 1336 1247 1390 propria
1277 1336 1322 1376 in
1343 1336 1408 1375 his
1431 1332 1691 1375 britannicae

132 1408 303 1462 linguae
325 1408 511 1448 notanda
533 1415 647 1447 sunt.
687 1408 808 1447 Idem
831 1407 1145 1447 substantivum
1166 1407 1211 1446 in
1232 1406 1361 1460 priori
1382 1406 1492 1446 loco:
1526 1403 1694 1444 {ambae-l

134 1479 217 1532 (gl.
258 1477 460 1518 secularia
472 1494 482 1526 ;
518 1477 546 1516 i.
573 1491 608 1517 e.
645 1477 800 1518 securis
837 1477 1075 1530 manualis)
1106 1478 1164 1532 81.
1191 1478 1331 1518 Oxon.
1374 1477 1691 1529 llaec-zeorynyon

134 1548 318 1602 (puellae
348 1563 372 1589 a
400 1548 610 1597 manibus,
645 1552 803 1601 servae)
827 1549 943 1588 Mab.
969 1549 1027 1602 fq.
1062 1549 1258 1588 morbrcm
1282 1548 1357 1601 (gl.
1384 1560 1545 1599 merges
1555 1562 1566 1593 3
1599 1544 1627 1584 i.
1653 1558 1689 1583 e.

134 1633 281 1659 corvus
304 1619 511 1671 marinus)
534 1619 592 1672 gl.
619 1619 758 1659 Oxou.
794 1619 991 1659 morleoeh
1014 1619 1088 1672 (gl.
1117 1618 1370 1672 delphinus,
1396 1617 1424 1657 i.
1451 1632 1487 1657 e.
1514 1630 1583 1656 sus
1605 1629 1691 1655 ma-

133 1689 232 1740 ris),
267 1689 423 1730 moruil
443 1689 517 1743 (gl.
544 1697 685 1737 cetus;
718 1688 746 1728 i.
773 1703 807 1727 e.
844 1689 1001 1729 animal
1031 1689 1266 1738 marinum,
1299 1687 1433 1741 wil),
1468 1686 1693 1728 mornader

136 1759 212 1813 (gl.
237 1773 436 1807 murena3
462 1759 490 1799 i.
517 1774 552 1800 e.
579 1759 729 1813 anguis
751 1762 830 1811 m.)
853 1760 1012 1800 Vocab.

248 1831 470 1870 Interdum
500 1830 813 1870 substantivum
841 1830 1103 1883 primarium,
1130 1831 1241 1884 quod
1263 1845 1287 1870 a
1307 1830 1582 1884 praecedente
1604 1828 1693 1868 vice

133 1900 310 1954 genitivi
331 1900 535 1953 fungente
556 1899 724 1953 plenius
746 1900 994 1941 describitur
1015 1901 1082 1941 vel
1103 1901 1303 1941 definitur
1325 1901 1370 1940 in
1387 1900 1509 1941 solita
1527 1913 1693 1953 compo-

133 1970 301 2019 sitione,
326 1984 413 2010 non
435 1977 497 2010 est
518 1970 608 2010 loco
630 1970 874 2023 posteriore,
904 1972 977 2011 sed
998 1971 1042 2011 in
1064 1971 1223 2025 priore:
1259 1971 1513 2012 tcclmaetlcecc
1537 1973 1693 2024 (patres

133 2040 341 2091 alimenti)
365 2042 481 2081 Mab.
510 2045 548 2091 3,
577 2045 643 2080 35.
678 2041 869 2081 mamae'cl
889 2042 965 2095 (81.
990 2042 1158 2091 nutrix,
1194 2042 1223 2083 i.
1249 2057 1284 2082 e.
1310 2041 1578 2090 mammetem,
1608 2056 1694 2081 ma-

134 2120 195 2152 ter
221 2111 485 2164 nutritionis)
510 2111 667 2152 Vocab.
703 2111 903 2166 rytyclzen
927 2113 1100 2164 (vadum
1121 2114 1264 2162 boum,
1291 2113 1405 2167 angl.
1432 2112 1692 2163 Oxenaford)

134 2183 251 2222 Mab.
281 2187 318 2231 3,
347 2186 442 2222 303.
472 2181 715 2222 fllamoecr‘e'e
738 2184 811 2235 (=
833 2182 1190 2237 Mauricomagus,
1216 2184 1333 2224 locus
1356 2183 1571 2235 Mauricii)
1596 2182 1689 2222 Lib.

135 2253 271 2292 Land.
298 2257 391 2292 197.
428 2252 769 2293 Praemittuntur
791 2253 917 2293 etiam
939 2254 1203 2294 substantiva
1220 2254 1473 2303 britannica,
1494 2262 1541 2294 ut
1559 2253 1694 2293 hiber-

132 2322 227 2362 nica
255 2324 316 2376 (p.
345 2324 460 2375 820),
485 2322 530 2362 in
556 2322 873 2376 compositione,
901 2338 1006 2377 quae
1028 2324 1073 2364 in
1105 2324 1197 2364 aliis
1220 2324 1377 2378 linguis
1400 2324 1573 2364 nonnisi
1594 2333 1693 2364 sunt

133 2393 337 2446 apposita,
365 2408 400 2433 e.
425 2407 487 2446 gr.
513 2392 558 2432 in
580 2393 818 2433 cambricis:
843 2409 1028 2447 pensczer
1051 2395 1184 2447 (faber
1204 2395 1414 2448 princeps,
1440 2394 1689 2448 primarius3

124 2477 262 2516 penu,
299 2471 443 2518 caput)
467 2464 583 2503 Mab.
612 2467 651 2512 2,
679 2467 775 2504 243.
808 2465 1075 2520 perlekylzyd
1101 2466 1292 2517 (venator
1321 2465 1426 2517 dux)
1451 2470 1499 2513 2,
1530 2471 1566 2505 7.
1594 2469 1690 2504 226.

124 2534 480 2589 pennllemlzidyd
501 2533 629 2586 (inter
661 2533 858 2575 salientes
890 2535 1099 2590 princeps,
1124 2550 1255 2590 germ.
1282 2535 1626 2590 hauptspringer)
1653 2539 1690 2583 2,

136 2608 231 2644 209.
277 2604 360 2644 His
391 2604 660 2644 adnumerari
687 2612 887 2659 poterunt
916 2606 1097 2660 plurima
1126 2606 1299 2646 nomina
1320 2606 1555 2646 britannica
1586 2606 1693 2646 loc-0-

134 2689 241 2724 rum,
268 2675 312 2715 in
335 2675 487 2729 quibus
509 2676 767 2729 praecedunt
789 2676 877 2725 dire,
904 2691 1000 2717 caer
1022 2676 1258 2730 (oppidiun,
1281 2676 1462 2729 civitas),
1486 2677 1587 2726 treb,
1611 2677 1703 2731 trcgf

135 2745 304 2797 (vicus),
341 2746 441 2786 Zama
464 2747 598 2797 (area,
632 2746 822 2799 ecclesia)
845 2754 924 2786 etc.
971 2747 1144 2801 Proprie
1167 2756 1309 2787 tamen
1331 2747 1522 2787 omnium
1543 2747 1694 2786 horum

135 2815 204 2854 vix
226 2825 288 2855 est
310 2815 571 2869 compositio,
592 2816 663 2855 sed
681 2817 821 2869 potius
840 2817 1094 2857 consociatio
1110 2817 1307 2870 primitus
1326 2817 1580 2859 substantivi
1598 2832 1693 2858 cum

137 2886 399 2926 substantivo
421 2885 627 2939 apposito,
654 2886 719 2926 vel
741 2901 838 2926 cum
860 2887 1124 2927 substantivo
1146 2887 1191 2927 in
1213 2888 1415 2941 genitivo.
