1920 3220
568 185 620 223 V.
649 188 686 223 2.
732 198 994 225 conposrmo
1016 198 1209 226 emmim.
1586 187 1667 227 819

114 298 214 338 sinit
236 296 362 337 etiam
383 295 638 336 intercedere
660 295 769 335 inter
790 310 908 336 voces
925 296 1165 350 jungendas
1189 299 1504 352 compositione,
1530 300 1666 353 prisca

112 367 263 421 gallica
292 381 339 406 eo
369 374 536 406 tantum
569 365 720 414 differt,
747 367 859 419 quod
890 381 964 419 pro
995 383 1021 407 α
1051 375 1114 408 est
1145 384 1180 417 ο,
1215 383 1321 421 quae
1350 376 1391 408 et
1419 369 1509 422 ipsa
1529 378 1667 424 potest

112 437 239 477 inseri
278 444 372 490 post
409 436 426 475 τ’
455 444 497 476 et
528 451 577 483 u,
613 449 720 489 quae
761 435 862 476 alias
895 437 1163 478 intercedunt
1195 438 1283 478 sine
1313 453 1374 478 ea.
1429 440 1574 493 Hujus
1602 456 1663 482 re-

110 507 234 561 gulae
265 506 459 560 exempla
488 514 652 545 vetusta
675 506 765 559 jam
795 521 923 560 supra
943 517 1188 548 enumerata
1210 516 1309 548 sunt
1332 511 1390 562 (p.
1420 515 1438 548 7
1448 512 1533 563 24).
1580 512 1664 551 Ex—

111 577 327 631 cipiuntur
354 578 406 616 ab
434 591 481 616 ea
504 576 765 616 solummodo
787 577 1016 630 particulae
1038 578 1276 618 desinentes
1299 586 1371 618 aut
1394 579 1437 618 in
1459 594 1663 622 consonas

112 648 363 695 (Insubres,
398 647 620 695 Con-date,
646 647 982 696 Ver-nemetum,
1008 648 1269 697 Ad-minius,
1296 649 1662 704 Ex-cincomarus)

111 726 184 758 aut
214 718 257 757 in
289 733 309 757 c
331 717 612 769 (Arc-morici,
645 718 927 765 Ate-boduus,
962 719 1362 771 Ande-camillum),
1388 734 1508 760 voces
1539 736 1661 774 quae-

111 789 207 827 dam
233 787 478 827 terminatae
501 787 659 840 syllaba
682 788 735 827 -2'8
757 788 932 827 obscura
955 788 1265 839 (Civis—marus,
1291 789 1536 839 Atis-mara,
1563 792 1662 831 Car-

112 857 383 906 tis-mandua,
405 857 676 910 Ratis-bona)
695 865 820 911 atque
842 872 928 897 una
949 858 1014 898 vel
1036 858 1168 898 altera
1189 873 1270 898 vox
1292 873 1398 912 quae
1419 860 1464 899 in
1480 861 1663 901 mediam

111 928 306 968 desinens
339 928 472 967 vocali
498 927 707 981 jungente
737 928 900 968 facilius
930 943 1067 968 carere
1088 928 1226 982 potuit
1249 930 1562 982 (Lug-dunum,
1589 946 1663 984 pro

111 1013 192 1051 quo
215 999 351 1038 adhuc
373 1005 509 1038 exstat
531 998 833 1051 Lugodunum,
860 999 1166 1052 Lugudunum,
1188 1000 1457 1049 COb-nertus,
1480 1002 1662 1042 Bod-va-

109 1070 213 1118 cius,
240 1068 603 1122 Vod-goriacum).

223 1139 325 1178 Tres
354 1138 448 1177 illas
478 1144 665 1177 vetustas
694 1138 854 1178 vocales
877 1138 1207 1192 compositionis,
1235 1155 1340 1193 quae
1361 1141 1536 1181 deficere
1558 1141 1661 1181 inci-

107 1208 233 1263 piunt
257 1208 347 1262 jam
376 1208 421 1247 in
442 1207 577 1261 prisca
599 1207 760 1260 lingua,
787 1215 883 1260 post
903 1209 1195 1249 Romanorum
1217 1218 1398 1250 aetatem
1418 1212 1553 1265 magis
1575 1227 1661 1252 ma—

107 1279 253 1333 gisque
276 1278 473 1318 defecisse
494 1278 592 1318 inde
614 1277 900 1331 colligendum
922 1286 998 1328 est,
1020 1280 1132 1332 quod
1152 1294 1206 1320 ne
1227 1294 1313 1320 una
1336 1281 1505 1334 quidem
1524 1282 1663 1323 adhuc

108 1356 296 1403 superest
318 1349 363 1388 in
383 1348 671 1389 monumentis
694 1355 779 1388 tam
802 1348 1043 1389 hibernicae
1064 1349 1236 1403 linguae
1259 1365 1384 1403 quam
1401 1351 1662 1393 britannicae

107 1420 235 1460 etiam
265 1419 576 1460 vetustissimis.
632 1418 821 1472 Vestigia
849 1426 1014 1468 tamen,
1049 1420 1161 1473 quod
1191 1420 1403 1461 adfuerint
1430 1424 1658 1475 quondam,

107 1488 251 1529 relicta
273 1503 362 1529 esse
384 1489 609 1529 inficiendo
632 1504 859 1530 consonam
877 1489 1147 1529 inchoantem
1164 1491 1276 1530 vocis
1294 1492 1533 1545 posterioris
1551 1507 1661 1533 com-

106 1559 247 1613 positi,
267 1559 356 1613 jam
379 1575 501 1614 supra
526 1561 862 1600 demonstratum
884 1568 946 1600 est
970 1562 1029 1614 (p.
1060 1565 1153 1600 191.
1183 1564 1296 1614 192).

221 1630 463 1683 Composita
486 1630 575 1684 ipsa
597 1631 818 1683 utriusque
839 1630 1010 1683 linguae
1032 1630 1237 1680 residuae,
1259 1631 1499 1673 hibernicae
1521 1640 1561 1673 ct
1577 1634 1659 1674 bri-

106 1700 323 1749 tannicae,
359 1700 513 1740 abhinc
544 1701 829 1740 enumeranda
860 1708 959 1740 sunt
992 1702 1226 1741 secundum
1257 1702 1447 1742 ordinem
1476 1703 1661 1757 partium

106 1770 321 1810 orationis.
367 1770 692 1824 Subjungentur
719 1771 763 1810 in
786 1772 870 1810 fine
893 1771 1191 1824 decomposita,
1217 1772 1245 1812 i.
1272 1787 1307 1812 e.
1334 1787 1355 1812 e
1376 1773 1568 1827 pluribus
1590 1789 1658 1814 vo—

105 1840 223 1880 cibus
254 1841 497 1894 composita.
544 1841 786 1881 Hibernicis
819 1841 946 1881 etiam
974 1841 1043 1881 hic
1074 1842 1398 1894 praemittentur
1418 1843 1571 1897 gallica
1591 1859 1658 1884 ve-

104 1918 216 1950 tusta
238 1911 442 1964 exempla.

414 2304 454 2347 I.
532 2303 925 2363 Compositio
981 2304 1337 2350 hibernica.

536 2472 589 2509 A.
639 2470 867 2510 Nomina
898 2470 1212 2524 composita.

213 2615 290 2655 Est
318 2615 427 2656 idem
459 2631 621 2670 semper
649 2617 929 2671 componendi
949 2618 1115 2666 modus,
1141 2618 1227 2658 sive
1249 2618 1362 2672 prior
1383 2620 1562 2659 duarum
1584 2634 1652 2659 vo-

99 2699 196 2724 cum
217 2692 279 2724 est
298 2686 473 2738 genitivi
495 2687 560 2727 vel
581 2688 688 2727 alius
711 2701 830 2726 casus
853 2688 957 2735 loco,
984 2690 1070 2728 sive
1091 2688 1342 2728 nominativi
1365 2689 1431 2728 vel
1453 2688 1649 2742 appositi,

99 2763 145 2794 ut
167 2755 215 2795 fit
235 2754 279 2794 in
301 2755 488 2795 dialectis
510 2756 682 2796 celticis.

216 2830 251 2864 1.
296 2825 659 2866 Substantiva
699 2841 813 2866 cum
854 2828 1239 2868 substantivis.
1294 2829 1474 2870 Vetusta
1503 2830 1654 2884 gallica

98 2895 269 2934 nomina
291 2895 473 2947 plurima
494 2897 576 2936 duo
599 2896 861 2936 substantiva
884 2898 1055 2944 sistunt,
1082 2899 1329 2951 praesertim
1350 2899 1394 2939 in
1417 2900 1570 2953 quibus
1593 2915 1653 2941 se-

1290 2970 1339 3005 52
1354 2966 1374 2987 *
