1920 3220
267 192 347 231 622
587 191 665 231 IV.
693 193 731 229 2.
772 202 1144 230 PRAEPOSITIONES
1166 202 1479 229 BRITANNICAE.

264 303 383 357 cujus
415 318 435 343 c
462 302 684 342 radicalem
704 308 852 354 putare.
872 315 959 341 non
979 300 1091 340 licet.
1136 300 1356 353 Significat
1376 301 1449 340 lat.
1474 315 1646 354 praepp.
1672 316 1712 350 a,
1737 302 1803 351 ab,

265 375 330 422 de,
357 388 418 421 ex,
444 371 510 411 vel
530 371 604 410 lat.
628 370 864 423 genitivum
886 370 971 410 sive
993 369 1224 409 ablativum
1245 369 1334 410 sine
1355 370 1675 424 praepositione.

377 459 583 512 Exempla
603 459 853 499 vetustiora:
880 474 901 498 0
923 474 1047 499 ceemz
1071 460 1145 513 (gl.
1171 459 1342 508 murice,
1369 459 1499 500 tincta
1520 460 1650 513 lana),
1675 476 1696 500 ο
1719 475 1804 501 cor-

264 546 365 571 semz
398 530 474 583 (gl.
507 529 726 579 arundine,
761 528 1067 582 praecinctus),
1103 545 1124 569 0
1155 530 1286 570 coiloa
1318 529 1393 583 (gl.
1423 530 1643 583 auspiciis,
1677 530 1806 583 patris

264 615 378 641 arma
406 599 631 651 movebis),
657 614 679 639 0
710 599 866 639 olorz'ou
889 599 963 652 (gl.
990 598 1179 648 tabellis,
1212 602 1396 652 sparsa),
1422 614 1443 639 0
1468 600 1705 654 quz'annm'n
1727 600 1802 653 (gl.

263 684 371 718 vere,
392 669 508 724 prius
526 669 713 709 volucres
731 671 914 722 taceant)
932 669 1041 709 inter
1056 670 1213 723 glossas
1232 670 1371 709 Oxon.
1393 685 1414 709 o
1426 684 1513 722 pen
1531 671 1669 719 claud,
1691 685 1712 709 ο
1729 669 1800 718 rit,

263 755 284 779 o
307 754 409 792 aper
430 746 508 778 etc.
535 740 604 790 (ab
625 738 745 778 initio
766 739 913 788 fossae,
939 754 963 779 a
983 740 1104 787 vado,
1129 754 1152 778 a
1174 739 1373 779 confluxu
1393 754 1526 793 usque
1548 741 1600 780 ad
1625 772 1633 780 .
1658 772 1666 779 .
1691 742 1721 792 .)
1743 739 1801 792 sq.

263 810 308 849 in
336 809 531 862 descript.
556 810 631 848 fin.
666 808 761 848 libri
782 809 917 848 Land.
962 809 1168 861 Exempla
1198 823 1219 848 e
1250 810 1392 849 Man:
1427 825 1448 848 ο
1475 810 1669 863 91οηῖωαῖ
1696 808 1807 849 brith

343 910 350 919 .
377 894 398 918 ο
420 893 585 932 asywm
608 877 765 917 morm'l
786 909 794 917 .
820 910 827 917 .
852 909 860 917 .
886 893 907 917 0
929 892 1003 917 em·
1020 880 1059 929 (e
1081 878 1190 917 corio
1212 878 1437 931 variegato,
1459 894 1510 919 ex
1532 893 1622 919 osse
1641 878 1804 918 belluae

263 949 462 996 marinae,
489 962 540 987 ex
561 962 676 996 auro,
703 947 914 987 confectae
934 950 1016 999 res)
1043 952 1079 995 1,
1108 952 1145 987 3.
1172 962 1222 987 αν
1244 949 1332 1002 (lyd
1351 947 1483 988 hwnw
1505 963 1555 988 (cr
1576 963 1649 988 7203
1671 948 1806 988 leomzo

263 1018 546 1058 atrewas-sant
566 1018 683 1072 ἄνη-3]
706 1018 920 1071 doqynder
936 1018 1127 1070 oyerdeu.
1150 1031 1198 1056 ac
1215 1018 1405 1071 amylcler
1422 1032 1443 1056 ο
1460 1033 1669 1073 anreyyon
1687 1018 1806 1058 wiro-

264 1089 356 1128 dea.
393 1088 611 1141 allecossyd
638 1102 659 1127 0
689 1101 857 1141 waryecc
880 1086 1008 1137 (diem
1039 1093 1079 1126 et
1108 1093 1275 1126 noctem
1296 1087 1403 1126 hanc
1427 1088 1714 1140 transigebant
1734 1102 1808 1140 per

263 1157 566 1198 abundantiam
602 1164 828 1205 cantuum,
860 1171 934 1210 per
962 1155 1206 1195 varietatem
1234 1163 1414 1209 potuum
1444 1158 1702 1205 oblatorum,
1734 1171 1807 1209 per

262 1227 581 1267 multitudinem
612 1227 840 1277 ludorum),
868 1227 983 1279 ἄγκη]
1013 1224 1282 1279 diwallruyd
1308 1241 1329 1265 0
1353 1226 1423 1265 bob
1437 1227 1540 1279 pella
1563 1228 1654 1280 (per
1674 1226 1806 1280 pleni-

263 1296 453 1336 tudinem
484 1296 618 1336 omnis
639 1295 716 1347 rei)
743 1298 780 1343 2,
810 1299 876 1334 27.
905 1299 972 1334 29.
995 1295 1095 1347 pee'r
1123 1310 1179 1349 yn
1208 1296 1332 1335 Zlccwn
1355 1311 1375 1334 ο
1397 1297 1508 1336 εῖυῖἶί
1528 1297 1710 1336 {werdon
1733 1297 1807 1347 (le-

261 1367 333 1406 bes
364 1367 515 1419 plenus
544 1365 722 1419 pecunia
743 1364 1009 1418 Hiberniae),
1035 1366 1112 1405 oecl
1131 1365 1296 1419 de‘yawn
1318 1367 1456 1406 odrwe
1477 1368 1583 1418 (erat
1604 1373 1667 1406 sat
1688 1366 1806 1418 mali)

265 1439 304 1484 2,
333 1439 427 1474 211).
456 1438 550 1474 212.

377 1524 636 1578 Praepositio
661 1525 811 1578 juncta
842 1524 1040 1564 articulo:
1073 1540 1094 1564 o
1123 1525 1272 1565 cczz'toz'r
1300 1525 1378 1565 hac
1410 1540 1457 1565 ον
1478 1526 1706 1566 aclmzonou
1727 1526 1802 1579 (gl.

261 1597 373 1649 pube
390 1595 734 1647 inguinibusque,
756 1594 907 1646 premit
923 1594 1086 1634 rabidos
1104 1598 1261 1647 canes),
1277 1610 1323 1634 or
1341 1595 1514 1636 dometio
1549 1595 1607 1648 gl.
1629 1595 1801 1644 domito,

263 1666 374 1718 quod
403 1664 535 1704 defuit
566 1665 688 1716 orbi),
714 1678 760 1702 ον
787 1679 897 1717 [sam
920 1664 994 1716 (gl.
1019 1664 1171 1713 medio,
1197 1665 1344 1705 instita
1375 1665 1479 1719 tegis
1510 1665 1653 1718 pedes)
1676 1665 1802 1717 gloss.

262 1736 402 1776 Oxon.
430 1735 610 1788 orford,
632 1748 678 1773 ον
699 1749 846 1782 omem,
868 1748 914 1772 02·
936 1735 1105 1774 auallen
1128 1742 1207 1774 etc.
1229 1737 1271 1787 (a
1288 1735 1367 1784 via,
1390 1750 1413 1775 a
1434 1735 1611 1783 fraxino,
1632 1750 1655 1774 a
1675 1735 1803 1787 malo)

261 1806 319 1858 fq.
345 1805 389 1844 in
420 1804 570 1844 finium
595 1804 944 1857 descriptionibus
967 1804 1062 1843 libri
1083 1804 1218 1844 Land.
1240 1820 1347 1857 parc
1370 1805 1511 1858 {eccas
1525 1819 1571 1844 οι·
1592 1805 1675 1858 bycl
1695 1804 1806 1856 (hor-

263 1883 330 1915 tus
362 1873 668 1928 pulcherrimus
697 1874 863 1925 mundi)
887 1874 1002 1913 Mab.
1032 1878 1068 1922 1,
1097 1877 1163 1912 27.
1194 1874 1329 1927 μωρίη
1356 1890 1413 1929 yn
1444 1875 1570 1914 llawn
1597 1888 1642 1913 ον
1664 1874 1806 1928 dugjyr

264 1945 434 1998 (vagina
463 1944 588 1997 plena
616 1945 741 1995 aqua)
766 1944 881 1983 Mab.
909 1947 946 1992 2,
974 1946 1070 1982 246.
1114 1944 1273 1982 Eadem
1293 1944 1458 1997 junctio
1479 1959 1576 1983 cum
1596 1944 1806 1997 pronomi-

262 2015 387 2054 nibus
418 2012 684 2067 possessivis:
718 2013 766 2052 m‘
790 2013 987 2053 (lentham
1016 2013 1033 2052 τ’
1050 2027 1149 2067 yma
1171 2027 1234 2052 om
1252 2014 1382 2067 qwlcct
1400 2028 1453 2067 yr
1469 2013 1679 2067 ywreiclca
1702 2015 1805 2066 (11011

262 2084 359 2124 veni
380 2098 401 2123 e
422 2083 590 2136 regione
612 2097 703 2122 mea
725 2083 808 2122 huo
829 2084 881 2122 ad
903 2084 1137 2123 ducendam
1157 2086 1349 2134 uxorem)
1371 2084 1487 2122 Mab.
1517 2088 1553 2132 1,
1581 2087 1676 2122 272.
1707 2083 1805 2123 mei—

264 2154 340 2193 bon
363 2168 387 2193 α
404 2153 534 2206 yccfas
557 2152 796 2192 omleanuocl
818 2184 825 2191 .
851 2184 858 2192 .
884 2184 891 2192 .
918 2154 1065 2193 ombod
1080 2155 1247 2206 (pueros
1266 2152 1417 2192 sumsit
1438 2166 1523 2192 non
1545 2167 1566 2191 e
1587 2153 1804 2192 voluntate

262 2236 369 2270 mea,
396 2235 416 2260 e
445 2221 696 2273 voluntate),
723 2222 848 2261 (lewis
879 2222 927 2261 cli
954 2237 1002 2261 ae
1032 2222 1100 2263 oth
1128 2224 1208 2262 vod
1227 2237 1276 2262 ae
1297 2222 1365 2262 oth
1387 2223 1524 2261 cmo-od
1542 2222 1667 2275 (elige
1689 2230 1761 2262 aut
1783 2237 1804 2261 e

262 2291 479 2330 voluntate
511 2298 583 2330 tua
608 2299 681 2330 aut
702 2298 847 2331 contra
869 2291 1146 2344 voluntatem)
1171 2293 1286 2332 Mab.
1316 2297 1352 2341 1,
1382 2296 1446 2331 34.
1474 2295 1569 2331 242.
1604 2292 1804 2346 (αἷμα-θεῖς]

263 2360 310 2400 di
337 2360 428 2414 ymv'
457 2360 542 2399 dim
571 2360 639 2399 oth
671 2375 865 2414 neyesseec
888 2363 1009 2413 (uum
1040 2361 1150 2401 dices
1181 2372 1227 2401 tu
1248 2362 1353 2401 mihi
1375 2361 1533 2415 aliquid
1554 2362 1604 2401 de
1626 2361 1805 2414 negotiis

264 2429 346 2470 tuis
357 2429 390 2482 ἲ)
414 2430 529 2469 Mab.
559 2433 596 2477 3,
624 2433 690 2468 20.

376 2515 487 2551 Ante
526 2511 775 2564 pronomina
810 2512 1006 2561 inchoata
1035 2514 1266 2554 vocalibus:
1302 2515 1388 2554 dim
1417 2529 1462 2553 00
1491 2514 1605 2554 azo-elz
1637 2515 1692 2554 da
1727 2529 1804 2568 nys

263 2582 452 2636 mymzaf
474 2583 586 2633 (rem
625 2582 675 2620 de
715 2590 850 2622 vestro
882 2583 991 2622 bono
1018 2583 1141 2636 nolo)
1166 2585 1280 2623 Mab.
1310 2588 1354 2632 1,
1382 2587 1477 2622 272.
1525 2599 1551 2623 a
1587 2583 1804 2637 dijflannu

264 2665 391 2690 aorem
412 2650 539 2690 owez'n
561 2665 606 2689 00
627 2665 675 2690 eu
688 2650 803 2702 plith
826 2654 886 2702 (et
907 2652 1111 2705 disparuit
1132 2653 1184 2692 O.
1210 2667 1261 2692 ex
1282 2667 1424 2692 eorum
1444 2652 1599 2704 medio)
1622 2653 1737 2692 Mab.
1763 2657 1800 2700 1,

269 2725 333 2759 15.
366 2735 415 2759 ecc
443 2720 668 2774 harylwyd
695 2735 720 2759 α
747 2720 994 2774 yollyssynt.
1021 2737 1047 2761 α
1077 2722 1221 2761 llawer
1249 2737 1294 2761 oe
1319 2736 1368 2761 eu
1386 2736 1631 2775 yoreutqur
1653 2723 1712 2773 (et
1733 2722 1802 2760 do-

263 2789 428 2829 minum
449 2803 575 2829 suum
595 2789 825 2829 amiserunt
846 2796 887 2829 et
907 2791 1047 2844 plures
1070 2805 1091 2830 e
1112 2791 1351 2831 melioribus
1370 2791 1485 2843 viris)
1505 2792 1620 2831 Mab.
1644 2796 1682 2839 3,
1707 2795 1799 2829 196.

377 2873 633 2912 Pronomina
661 2873 896 2926 personalia
927 2874 1184 2926 suffiguntur
1204 2874 1359 2913 formae
1381 2882 1526 2914 auctae
1548 2874 1719 2914 OHON
1741 2873 1804 2924 (in
