1920 3220
245 188 325 226 746
384 188 437 227 V.
469 193 504 226 1.
549 200 790 228 DERIVATlo
811 201 996 228 GALLICA
1016 202 1070 228 ET
1093 202 1338 228 HIBERNICA
1362 203 1653 231 SPIRANTIUM.

240 315 291 340 ou
313 303 373 354 (p.
396 304 461 339 27.
486 304 551 339 38.
576 301 662 351 39).
708 300 819 339 Sunt
840 300 966 340 etiam
986 300 1030 340 in
1053 300 1418 354 inscriptionibus:
1445 303 1579 342 Dome
1603 304 1676 354 (=
1696 304 1780 343 Do-

239 370 372 410 meius
389 370 420 422 3)
440 369 573 410 Stein.
598 374 665 410 68.
695 371 730 410 T
734 370 903 424 alluppe
922 370 1054 411 Stein.
1081 376 1173 410 184.
1209 371 1285 410 Est
1302 378 1445 411 contra
1462 372 1587 411 etiam
1605 373 1781 413 Correus

240 440 359 480 Caes.
386 442 446 492 (p.
476 442 572 492 725)
596 440 686 480 sine,
699 441 744 492 j,
771 448 953 494 suntque
986 441 1189 480 cambriea
1211 441 1256 479 in
1278 440 1335 479 -ei
1354 455 1439 480 non
1461 443 1595 481 solum
1617 449 1781 482 vetusta

239 509 311 548 sed
341 509 468 549 etiam
496 509 697 549 hodierna
729 511 798 563 (ef.
824 510 952 550 deriv.
977 510 1121 562 brit.),
1160 510 1312 563 quibus
1343 518 1391 551 ut
1418 512 1508 551 aliis
1538 526 1560 550 v
1592 512 1733 551 subest
1750 513 1785 564 j

237 579 375 618 finalis
399 581 458 632 (p.
489 584 581 619 148.
611 582 723 632 150).

351 649 391 690 V
420 649 612 690 derivans
646 650 691 690 in
721 650 896 690 vetustis
925 649 1166 689 nominibus
1196 664 1292 690 cum
1324 651 1517 691 omnibus
1548 652 1776 701 vocalibus,

237 726 411 771 excepta
432 734 473 768 u,
498 719 729 761 invenitur.
755 720 854 759 AV:
889 719 1053 768 Velavi,
1078 720 1256 769 Velavii,
1283 720 1497 761 Litavieus
1519 722 1639 762 Caes.
1665 725 1778 776 Κορ-

237 786 407 829 ναούιοι
430 792 546 844 (pop.
570 790 699 842 Brit.)
724 790 835 830 Ptol.
860 789 886 828 J
890 804 1087 838 uvavum,
1113 790 1295 839 Ausava,
1321 791 1529 840 Massava,
1556 793 1775 841 Nemavia,

237 859 417 899 Vosavia
435 862 449 911 ζ
453 860 530 900 109.
552 860 713 909 Noric.,
736 859 964 907 Vindelie„
986 859 1121 911 Gall.)
1139 861 1242 900 Tab.
1261 862 1311 900 P.
1330 862 1492 902 Laeavo
1511 860 1623 915 (d‘eo)
1642 863 1775 902 Inser.

237 930 366 969 Orell.
394 932 516 969 2018.
551 930 775 971 Vellavum
807 928 1061 969 territorium
1083 929 1198 981 (hod.
1224 930 1262 970 le
1284 931 1459 984 Velay),
1485 932 1659 972 Vellava
1680 934 1778 973 urbs

235 998 364 1051 Greg.
391 1000 492 1039 Tur.
520 1004 558 1048 4,
585 1004 652 1039 47.
683 1004 747 1048 10,
775 1003 841 1038 25.
867 1013 1000 1052 pagus
1023 1000 1290 1040 Berravensis
1320 1001 1376 1041 id.
1405 1006 1442 1050 6,
1474 1005 1538 1042 12.
1568 1002 1774 1051 Rionava,

236 1068 426 1109 Ambava
455 1070 628 1121 Fredeg.
664 1082 700 1109 0.
727 1072 794 1109 42.
824 1074 918 1108 106.
973 1070 1100 1122 Apud
1129 1073 1271 1123 poetas
1302 1071 1455 1111 vocalis
1487 1079 1549 1112 est
1577 1079 1661 1112 tarn
1693 1087 1778 1112 901·-

234 1146 376 1191 repta,
411 1155 447 1180 9.
472 1154 559 1193 gru:
593 1139 770 1179 rhetoris
798 1139 1022 1187 Pictaviei,
1056 1139 1219 1179 Auson.
1253 1140 1382 1194 epigr.
1419 1146 1494 1191 51,
1530 1156 1656 1194 quam
1686 1157 1778 1195 pro-

235 1210 382 1249 duc-ta:
418 1211 597 1250 Saravus
627 1211 788 1249 Auson.
825 1209 1009 1257 Mosen„
1037 1209 1236 1249 Timavus
1267 1210 1412 1251 Sidon.
1458 1213 1522 1251 Ex
1553 1213 1703 1252 Elaver
1731 1214 1780 1252 fit

234 1280 399 1320 Elauris
430 1283 489 1334 (p.
520 1283 640 1333 742);
674 1280 909 1334 quaeritur,
944 1294 1047 1319 1111111
1077 1279 1204 1319 etiam
1232 1295 1355 1329 -azm,
1390 1295 1484 1320 -azcs
1506 1288 1584 1321 ete.
1611 1281 1695 1321 sint
1726 1296 1776 1320 ex

234 1351 364 1400 -am'n,
390 1351 511 1391 -αεῖδ,

346 1422 443 1461 EV:
485 1422 658 1462 Geneva
693 1421 812 1461 Caes.
855 1421 1064 1461 Lutevani
1101 1422 1288 1470 P1i11.3,
1314 1427 1353 1461 4.
1394 1422 1579 1470 Luteva,
1620 1422 1778 1461 Loteva

233 1491 366 1534 (Gall.
400 1491 569 1543 merid.)
592 1492 697 1531 Tab.
731 1492 781 1531 P.
823 1491 1013 1540 Sulevis,
1047 1492 1297 1532 Suleviabus
1331 1493 1462 1532 Inscr.
1492 1492 1622 1531 Orell.
1650 1495 1773 1531 2100.

235 1565 358 1600 2101.
385 1561 536 1601 Caleva
560 1562 683 1612 (Brit.
710 1564 828 1614 opp.)
854 1561 954 1601 Itin.
980 1562 1101 1611 Ant„
1128 1559 1339 1616 Καληοιῖα
1363 1562 1473 1602 Ptol.

346 1632 429 1671 IV:
474 1626 755 1686 Οὖεργιούιος
791 1626 1033 1683 ((ὖκεανός,·
1069 1632 1121 1671 ef.
1156 1647 1198 1685 p.
1229 1637 1292 1671 13.
1331 1634 1405 1684 14)
1440 1632 1550 1672 Ptol.
1592 1631 1777 1671 Suliviae

233 1701 457 1741 Idennicae
479 1702 695 1741 Minervae
718 1702 851 1741 Inscr.
876 1702 918 1742 N
922 1716 1079 1741 emaus.
1106 1702 1235 1741 Orell.
1259 1706 1382 1741 2051.
1408 1701 1606 1750 Dexsiva,
1629 1701 1776 1741 Dexsi-

232 1771 298 1811 via
319 1773 451 1811 Inser.
479 1772 608 1811 Orell.
639 1776 760 1811 1088.
786 1771 991 1811 Baeivum
1013 1772 1112 1812 villa
1134 1773 1307 1825 Fredeg.
1334 1787 1369 1811 9.
1398 1776 1464 1811 96.

344 1842 444 1882 OV:
471 1842 665 1890 Vinovia,
692 1842 1057 1881 Durocornovium
1080 1842 1227 1893 (Brit.)
1248 1843 1348 1882 Itin.
1369 1843 1472 1881 Ant.
1498 1837 1777 1882 Οὖιννοοῦιοιι

231 1914 346 1965 (opp.
388 1911 542 1963 131·it.),
581 1911 824 1966 Σελγοοῦαι
861 1914 976 1964 (pop.
1012 1912 1141 1964 Erit.)
1175 1912 1286 1952 Ptol.
1333 1912 1562 1965 Gergovia,
1603 1912 1776 1951 Lexovii

232 1981 351 2021 Caes.
392 1981 582 2021 Luxovio
628 1983 761 2021 Inser.
803 1982 932 2022 Orell.
970 1986 1094 2020 2024.
1135 1981 1375 2021 Luxovium
1413 1984 1634 2029 (monast.,
1676 1982 1772 2021 hod.

230 2051 414 2090 Luxeuil
442 2053 494 2091 ad
522 2052 700 2105 Vosag.)
724 2053 898 2105 Fredeg.
934 2059 975 2091 et
1004 2052 1100 2091 Act.
1137 2051 1214 2091 SS.
1248 2051 1526 2091 Luxoviensis
1558 2051 1775 2105 episcopus

230 2121 453 2161 Aetherius
477 2122 592 2174 (hod.
620 2122 792 2161 Lisieux
814 2122 858 2161 in
880 2123 1139 2168 Normann.)
1162 2121 1290 2174 Greg.
1318 2122 1418 2161 Tur.
1447 2126 1485 2171 6,
1514 2126 1580 2161 36.

344 2193 402 2232 Ut
423 2208 496 2232 -αει
518 2200 559 2232 et
581 2192 642 2232 -z'u
672 2193 812 2232 10911111
842 2192 1034 2232 obtinent
1063 2191 1369 2231 derivationum
1391 2206 1474 2240 -αυ,
1500 2191 1556 2231 -2'0
1579 2206 1674 2231 eum
1698 2198 1775 2231 ter-

229 2261 530 2302 minationibus
544 2262 587 2302 in
605 2263 820 2303 cambi-icis
839 2263 944 2303 lilau
963 2265 1036 2312 (Ξ
1048 2261 1253 2314 Letavia),
1279 2262 1377 2301 lisia
1395 2264 1467 2311 (Ξ
1483 2261 1698 2309 lixivium3
1720 2262 1771 2301 cf.

229 2348 271 2386 p.
301 2337 421 2386 150),
448 2342 548 2374 sunt
570 2334 697 2374 etiam
718 2333 862 2374 obviae
884 2333 928 2372 in
949 2333 1140 2387 pluribus
1161 2331 1402 2372 nominibus
1424 2332 1623 2380 locorum,
1650 2346 1773 2385 pago-

230 2419 323 2444 rum
346 2404 509 2444 Galliae
531 2404 575 2443 in
597 2404 750 2444 chartis
772 2404 837 2443 vel
860 2403 1064 2443 chronicis
1086 2403 1213 2442 medii
1234 2402 1338 2442 aevi.

341 2475 441 2514 AU:
478 2474 624 2522 Calan,
660 2473 790 2513 Bisau
821 2474 989 2527 Polypt.
1015 2473 1163 2512 Irmin.
1189 2488 1230 2526 p.
1261 2478 1326 2512 79.
1357 2477 1449 2511 133.
1480 2476 1572 2510 116.
1620 2471 1774 2511 Peeiau

228 2545 328 2584 ibid.
354 2560 395 2597 p.
426 2547 518 2583 128.
560 2543 812 2596 Significans
834 2543 1047 2596 regionem
1069 2558 1090 2583 9
1111 2542 1280 2582 1101111119
1302 2542 1420 2581 fluvii
1440 2542 1485 2581 in
1507 2557 1551 2581 -α
1566 2560 1577 2581 .·
1602 2541 1645 2580 111
1667 2557 1773 2594 pugo

227 2616 262 2654 T
266 2615 375 2654 ellau
390 2614 515 2667 juxta
536 2613 684 2653 fluvios
707 2614 826 2652 Tella
847 2622 888 2652 et
911 2613 1130 2661 ‘Nar-iuna,
1157 2612 1266 2651 Boll.
1292 2612 1394 2664 Apr.
1418 2616 1457 2661 2,
1480 2616 1575 2651 217.
1602 2611 1643 2650 111
1666 2626 1773 2664 pago

227 2685 376 2724 Tell-au
401 2685 525 2737 juxta
554 2683 703 2723 fluvios
736 2683 875 2722 Tellas
907 2690 947 2722 et
970 2682 1191 2730 WVarinna,
1217 2682 1382 2721 Mabill.
1407 2696 1513 2721 saec.
1542 2686 1579 2721 3.
1608 2685 1645 2729 2,
1674 2686 1769 2719 461.

227 2753 388 2794 D'Ach.
417 2757 454 2802 2,
482 2757 576 2793 272.
603 2753 647 2792 in
667 2768 774 2806 pago
797 2753 954 2801 Tellao,
981 2752 1144 2800 Tellau,
1170 2752 1273 2805 dipl.
1299 2767 1336 2791 a.
1366 2756 1460 2791 700.
1485 2757 1579 2799 751,
1606 2751 1768 2791 Mabill.

224 2839 266 2877 p.
290 2827 384 2863 482.
407 2829 503 2863 490.
529 2824 572 2863 111
595 2837 702 2877 pago
719 2822 905 2862 Vimnau
928 2836 1052 2876 super
1072 2822 1200 2862 fluvio
1217 2821 1403 2870 Vimina,
1425 2821 1587 2862 D'th.
1612 2825 1650 2870 2,
1674 2825 1768 2860 275.

226 2893 267 2933 in
298 2908 405 2946 pago
431 2893 634 2942 Vimnau,
660 2892 762 2946 dipl.
789 2907 825 2932 a.
856 2897 949 2941 775,
977 2892 1141 2932 Mabill.
1168 2907 1209 2946 p.
1237 2896 1333 2932 408.
1359 2892 1402 2931 in
1432 2906 1539 2946 pago
1563 2891 1768 2939 lVitmau,
