1920 3220
274 171 353 210 728
413 172 467 212 V.
497 176 533 211 1.
578 184 818 212 DERivArio
840 185 1025 213 GALLICA
1046 187 1099 213 ET
1122 186 1367 214 HIBERNICA
1387 187 1688 218 LIQUIDARUM.

274 283 395 336 ζαλοι
412 314 422 333 ,
452 281 676 336 Ταιζάλων
709 278 880 339 (ἄκρον,
915 285 1137 332 Britann.;
1172 285 1224 324 cf.
1258 285 1378 325 Azali
1398 286 1512 326 Plin.
1540 292 1578 336 3,
1606 290 1676 340 25)
1700 289 1810 328 Ptol.

274 353 464 394 Mantala
487 354 742 407 (Allobrog.)
765 355 868 395 Tab.
890 356 1033 403 Peut.,
1055 355 1416 396 Petromantalum
1440 357 1622 408 (Galliae
1643 358 1809 411 oppid,

272 423 324 462 cf.
350 423 743 464 Cata-mantal-edis
773 425 833 464 fil.
859 426 978 465 Caes.
995 424 1029 477 ’.7)
1054 425 1157 464 Tab.
1184 426 1307 464 Peut.
1334 426 1735 480 Montalomagensis
1756 427 1815 467 vi-

272 507 344 532 cus
374 493 549 546 Gregor.
585 495 686 534 Tur.
716 500 752 544 7,
780 500 848 535 47.
875 495 1098 536 Cucalonis
1127 494 1188 534 fil.
1223 495 1357 534 Inser.
1393 496 1522 536 Orell.
1550 501 1674 536 4903.
1715 498 1810 537 EL:

272 563 464 612 Ocelum,
499 563 707 617 Grajoceli
733 566 852 606 Caes.
877 564 1089 606 Vindelici
1109 565 1262 605 Horat.
1289 566 1374 617 (od.
1400 571 1440 615 4,
1466 569 1525 619 4).
1569 567 1814 606 Vindelicus

272 633 407 673 amnis
429 633 542 673 Flor.
570 638 608 683 3,
636 638 675 674 2.
720 636 803 675 IL:
841 635 967 676 Sicila
993 635 1126 687 (vicus
1150 635 1331 688 Galliae)
1356 637 1569 690 Lamprid.
1593 637 1716 676 Alex.
1743 638 1814 677 Se-

271 718 354 743 ver.
381 718 416 743 c.
445 708 511 743 59.
554 704 712 744 Basilia
734 705 804 757 (cf.
836 705 1003 746 Basilus
1029 705 1148 745 Caes.
1177 709 1214 754 6,
1243 709 1312 757 29)
1335 706 1547 746 Ammian.
1577 711 1642 755 30,
1671 711 1708 746 3.
1743 708 1813 747 Jo-

270 773 372 827 pilia
402 774 596 814 Bolland.
624 774 740 827 Sept.
769 779 806 823 5,
835 779 930 814 597.
955 774 1174 827 Virgilius,
1200 775 1411 828 Vergilius
1435 776 1620 816 Martial.
1647 777 1811 825 Sidon.,

271 845 482 898 Vergiliae
518 844 662 884 stellae
699 844 769 895 (cf.
803 860 846 898 p.
886 846 969 898 14).
1025 844 1231 884 Carvilius
1269 845 1388 885 Caes.
1427 845 1811 903 Vindiliusplnscr.

272 914 405 954 Stein.
435 918 530 953 293.
566 915 662 955 OL:
690 909 879 967 ἄλβολον
899 914 1135 968 (pulegium
1154 914 1282 954 herba
1299 914 1452 967 Gallis)
1471 915 1659 956 Dioscor.
1684 920 1721 965 3,
1745 921 1812 956 30.

272 984 446 1024 Anisola
475 984 644 1037 (amnis,
669 991 877 1032 monast.;
910 985 962 1024 cf.
988 984 1164 1037 Anisus)
1187 985 1296 1024 Boll.
1324 985 1427 1025 Mai.
1456 990 1493 1034 3,
1522 990 1616 1026 608.
1641 987 1744 1026 Jun.
1774 992 1811 1036 3,

272 1059 367 1095 355.
413 1056 511 1096 UL:
546 1055 711 1094 Meduli
730 1056 892 1094 Auson.
918 1054 1039 1108 epist.
1066 1060 1104 1094 4.
1134 1061 1171 1095 7.
1211 1055 1536 1108 Camulogenus,
1563 1056 1815 1109 Taximagu-

270 1126 335 1165 lus
368 1126 487 1166 Caes.
513 1125 716 1166 Cainulus
748 1126 954 1177 (Mavors)
980 1125 1114 1165 Inscr.
1140 1125 1270 1165 Orell.
1300 1130 1422 1165 1977.
1452 1130 1574 1166 1978.
1609 1124 1815 1179 σκούβου-

269 1195 380 1248 λουμ
404 1196 645 1249 (strychnus
675 1195 804 1235 herba
833 1195 986 1247 Gallis)
1010 1195 1198 1235 Dioscor.
1225 1200 1264 1244 4,
1294 1199 1359 1234 71.
1394 1191 1635 1249 Βρίγουλος
1661 1198 1817 1249 <vetus-

271 1267 353 1306 tius
374 1280 529 1306 nomen
550 1266 693 1306 Araris
716 1266 782 1305 vel
804 1265 1075 1318 Saugonnae)
1099 1265 1215 1305 Plut.
1241 1266 1306 1304 ed.
1332 1265 1480 1305 Reisk.
1509 1271 1573 1315 10,
1599 1271 1693 1306 729.
1719 1272 1813 1306 730.

270 1337 498 1376 Dammula
528 1337 661 1375 Inscr.
695 1337 853 1375 Murat.
891 1339 1020 1384 1305,
1051 1340 1087 1375 1.
1119 1336 1259 1375 Itulus
1291 1336 1416 1375 Grut.
1446 1340 1550 1385 807,
1579 1341 1616 1376 7.
1643 1341 1746 1385 853,
1774 1342 1813 1377 9.

270 1407 528 1455 Domnulus,
554 1407 799 1446 Dumnulus
822 1405 968 1446 Sidon.
990 1405 1111 1458 epist.
1135 1410 1173 1454 4,
1198 1409 1264 1445 25.
1288 1410 1326 1455 9,
1352 1411 1417 1445 13.
1443 1406 1675 1446 Venuleius
1693 1407 1815 1447 Lam-

270 1477 378 1532 prid.
400 1477 523 1516 Alex.
539 1477 679 1517 Sever.
696 1492 731 1517 c.
751 1480 818 1516 68.
839 1475 1043 1515 Benuleia
1062 1476 1199 1529 (fem.)
1217 1476 1415 1529 Inscript.
1431 1477 1588 1517 Murat-
1608 1482 1727 1526 1313,
1748 1482 1813 1518 10.

385 1550 423 1600 c)
470 1545 719 1587 Aecedentis
770 1560 867 1586 cum
918 1546 1131 1586 vocalibus
1173 1547 1401 1600 productis.
1468 1533 1544 1587 AL
1590 1548 1816 1588 derivantis

271 1619 462 1672 exempla
490 1618 696 1671 quaedam
724 1616 864 1656 forsan
885 1617 1120 1669 quaerenda
1143 1625 1242 1656 sunt
1263 1616 1372 1657 inter
1393 1632 1519 1670 supra
1540 1617 1651 1657 dicta
1672 1618 1716 1657 in
1738 1618 1814 1666 -ccl,

270 1690 425 1729 formae
456 1687 664 1742 adjectivi,
700 1701 806 1741 quae
835 1686 1039 1726 cambrice
1070 1693 1132 1725 est
1159 1687 1273 1735 -cml,
1308 1688 1428 1728 -αῖοῖ,
1473 1688 1742 1741 Diphthongi
1771 1688 1817 1728 in

270 1759 510 1800 nominibus
532 1754 804 1812 Καμβάύλης
824 1772 890 1810 ap.
918 1758 1102 1797 Pausan.
1129 1760 1193 1804 10,
1220 1761 1284 1805 19,
1313 1757 1498 1810 Sugeulo
1520 1759 1564 1797 in
1586 1758 1720 1797 Inscr.
1746 1773 1813 1811 ap.

271 1830 430 1878 Orell.,
464 1829 498 1869 si
529 1835 630 1869 sunt
663 1827 869 1876 derivata,
902 1841 989 1867 non
1029 1826 1258 1880 composita
1288 1827 1358 1879 (cf.
1392 1827 1554 1867 hibern.
1590 1834 1672 1867 vet.
1707 1828 1811 1877 e'ola,

270 1901 379 1949 decla,
406 1899 586 1953 sapiens,
610 1913 653 1952 p.
680 1901 766 1951 42).

383 1971 428 2022 cl)
460 1969 665 2009 Derivans
688 1970 761 2008 LL
783 1968 828 2007 in
848 1966 1090 2008 nominibus
1111 1966 1272 2020 gallicis
1295 1967 1360 2007 vel
1377 1967 1637 2008 britannicis.
1673 1970 1810 2008 ALL:

275 2036 499 2091 Οῧέξαλλα
523 2041 719 2091 (aestuar.
746 2038 876 2091 Brit.)
904 2038 1016 2078 Ptol.
1042 2037 1141 2077 villa
1163 2038 1354 2086 Bonalla,
1382 2038 1491 2077 Boll.
1518 2038 1622 2078 Mai.
1651 2043 1688 2087 3,
1717 2043 1811 2078 603.

270 2119 448 2152 monast.
481 2110 726 2151 Pentallum
753 2109 798 2148 in
828 2122 935 2162 pago
966 2109 1208 2161 Rotomag.,
1243 2108 1407 2147 Mabill.
1444 2124 1549 2148 saec.
1577 2113 1615 2158 2,
1643 2114 1692 2147 47
1702 2114 1739 2158 8,
1772 2109 1816 2148 in

270 2182 520 2236 quibusdam
549 2181 759 2220 alternans
791 2194 888 2219 cum
915 2178 1012 2218 -ell.·
1042 2177 1087 2217 in
1108 2177 1198 2217 vico
1226 2179 1439 2227 Marsallo,
1466 2179 1663 2219 Marsello
1686 2179 1811 2219 Trad.

270 2253 525 2305 wizenburg.
551 2266 594 2291 n.
623 2254 717 2290 215.
745 2254 841 2298 230,
868 2248 1205 2296 Concurcallum,
1232 2249 1550 2289 Concouzcllum
1576 2264 1642 2303 ap.
1668 2250 1809 2289 Vales.

270 2324 323 2362 ln
345 2322 470 2363 Italia
497 2320 707 2375 superiore
729 2320 866 2359 adhuc
889 2318 1124 2366 Guastalla,
1150 2318 1334 2367 Varallo,
1359 2319 1430 2358 vix
1451 2319 1557 2358 alius
1580 2334 1706 2372 quam
1727 2319 1813 2372 gal-

269 2393 372 2445 licae
401 2391 589 2445 originis.
636 2391 745 2431 Sunt
777 2396 817 2429 et
848 2388 1049 2429 formu-lae
1076 2387 1305 2441 bisyllabae
1337 2404 1432 2429 cum
1464 2389 1660 2429 tenuibus
1682 2389 1747 2428 vel
1768 2388 1815 2427 li-

269 2463 407 2516 quidis
429 2470 502 2502 aut
523 2459 866 2515 praecedentibus
888 2466 961 2498 aut
983 2458 1277 2511 sequentibus:
1310 2459 1523 2499 Caracalla
1545 2454 1702 2511 (“‘Aur.
1727 2459 1815 2497 An—

270 2533 440 2574 toninus
477 2531 707 2571 Bassianus
744 2529 980 2577 Caracalla,
1023 2528 1223 2581 Lugduni
1258 2528 1449 2581 genitus,
1490 2543 1587 2568 cum
1622 2543 1643 2567 e
1675 2528 1815 2567 Gallia

269 2611 425 2643 vestem
450 2601 676 2656 plurimam
697 2599 944 2647 devexisset,
974 2630 982 2638 .
1011 2630 1019 2637 .
1050 2630 1057 2637 .
1083 2599 1133 2637 de
1154 2597 1324 2637 nomine
1347 2597 1522 2651 hujusce
1543 2592 1668 2637 ve'stis
1691 2598 1815 2638 Cara-

269 2674 375 2713 calla
400 2671 724 2726 cognominatus
754 2664 868 2721 est»)
890 2669 1034 2708 Aurel.
1062 2667 1173 2708 Vict.
1201 2668 1302 2721 epit.
1328 2683 1364 2707 c.
1392 2672 1458 2708 21.
1493 2668 1734 2708 Avallocius
1757 2669 1815 2707 vi-

269 2758 341 2783 cus
371 2744 499 2795 Greg.
525 2742 626 2780 Tur.
654 2744 693 2788 4,
720 2745 787 2779 50.
813 2739 1019 2779 Aballone
1049 2738 1153 2790 (loc.
1180 2738 1321 2789 Gall.)
1347 2738 1446 2778 Itin.
1473 2740 1576 2778 Ant.
1617 2739 1729 2778 ELL
1754 2738 1815 2790 (in

268 2812 482 2853 femininis
504 2810 747 2865 praesertim
764 2809 1048 2857 deminutivis,
1070 2815 1116 2848 ut
1135 2808 1340 2860 videtu1·):
1368 2809 1545 2849 Mosella
1564 2809 1635 2860 (cf.
1658 2809 1810 2859 Mosa).

274 2878 466 2932 offella
490 2881 649 2935 (oppid.
679 2880 804 2932 Brit.)
824 2880 935 2919 Ptol.
963 2879 1168 2919 Maurella
1190 2880 1321 2925 (nom.
1343 2893 1482 2932 propr.
1504 2879 1622 2931 fem.)
1647 2878 1810 2918 Mabill.
