1920 3220
269 207 350 248 818
541 207 594 246 V.
625 211 661 246 1.
706 220 947 247 DERIVATm
970 219 1240 247 BRITANNICA
1261 221 1535 248 MULTIPLEX.

489 377 538 419 C.
585 375 869 416 Derivatio
899 391 1260 417 consonarum
1289 376 1591 430 multiplex.

381 498 576 552 Triplicis
612 499 881 540 derivationis
910 499 1168 540 britannicae
1200 500 1392 553 exempla
1421 500 1640 553 quaedam.
1697 504 1732 538 1.
1769 498 1814 538 Si

267 569 478 625 praecedit
508 576 605 610 ante
635 570 846 623 duplicem
878 569 1178 610 derivationem
1208 569 1409 622 simplex:
1445 570 1600 610 cambr.
1634 575 1716 608 vet.
1753 567 1814 608 di-

264 641 417 695 quolou
441 643 462 693 s
489 639 555 680 ich
582 644 603 690 s
628 640 724 681 et-z'c
755 639 1111 693 (manifestatus),
1141 653 1208 679 cre
1224 644 1245 689 s
1261 645 1306 679 at
1320 643 1341 691 s
1358 639 1493 680 ic-aul
1518 639 1730 693 (genialis)
1752 638 1811 692 gl.

267 711 408 752 Oxon.
472 713 511 751 2.
547 710 593 750 Si
614 709 802 763 sequitur
823 709 1001 763 simplex
1022 716 1117 762 post
1138 709 1371 762 duplicem:
1398 710 1552 749 cambr.
1578 724 1649 749 cen
1665 713 1686 762 s
1703 708 1813 749 it-ol-

261 785 282 833 s
299 780 377 822 aid
395 779 644 834 (generatio)
667 780 724 833 gl.
751 780 890 820 Oxou.
921 779 1032 833 φανεῖ
1043 783 1064 832 s
1081 774 1193 833 ecl-iq
1210 782 1229 829 s
1247 779 1341 820 aetla
1363 778 1519 831 (visio),
1547 779 1631 819 bud
1646 783 1665 829 l
1681 778 1813 832 uy-ol-

259 850 422 906 syaeth
452 849 658 903 (victoria)
682 850 798 889 Mab.
824 864 973 889 armor.
1006 850 1106 889 Isen
1131 853 1153 899 s
1175 849 1253 890 em
1269 853 1290 899 l
1316 864 1362 889 or
1385 852 1516 902 (nom.
1546 849 1641 902 viri)
1665 849 1810 889 Chart.

267 921 407 961 Rhed.

381 988 680 1044 Quadruplicis
702 989 987 1039 derivationis,
1013 989 1041 1029 i.
1063 1003 1098 1030 e.
1124 989 1159 1030 si
1181 996 1255 1029 aut
1275 990 1383 1030 duae
1405 989 1607 1030 formulae
1628 988 1815 1042 duplices

266 1061 574 1110 consociantur,
595 1067 669 1101 aut
690 1060 913 1100 formulam
935 1059 1147 1113 duplicem
1164 1074 1249 1099 una
1267 1059 1445 1113 simplex
1460 1059 1671 1114 praecedit
1688 1059 1818 1099 altera

267 1130 469 1184 sequitur,
495 1137 635 1171 essent
664 1131 856 1184 exempla
887 1130 1106 1179 cambrica,
1132 1130 1166 1170 si
1192 1130 1315 1169 modo
1337 1129 1458 1169 dictis
1480 1130 1651 1170 vocibus
1669 1129 1816 1183 φθεῖρ-

268 1201 437 1256 diqaeth
469 1207 510 1241 et
541 1200 885 1255 clv'fsecoloeciclcetz'c
913 1201 1158 1240 accederent
1181 1199 1457 1240 derivationes
1480 1215 1600 1249 -awc,
1627 1198 1733 1247 -czz'cl,
1758 1199 1816 1238 ita

268 1280 316 1315 ut
344 1274 495 1312 fierent
519 1271 630 1326 qwel
641 1275 663 1321 s
680 1270 792 1324 ecl-iq
809 1274 831 1321 s
846 1269 1051 1311 aetla-awo
1083 1269 1383 1323 (visionarius),
1410 1270 1605 1324 cliqzcolou
1621 1274 1641 1323 s
1660 1269 1725 1309 ich
1741 1273 1762 1319 s
1778 1284 1816 1308 e-

268 1345 322 1388 tz'c
337 1349 358 1399 s
375 1343 451 1384 aid
470 1340 804 1395 (manifestatio).
848 1340 1115 1381 Armoricum
1143 1340 1386 1394 exemplum
1415 1340 1652 1394 duplicatae
1681 1339 1818 1393 dupli-

268 1416 326 1456 cis
349 1412 617 1455 derivationis
640 1418 703 1452 est
723 1411 896 1451 fortasse
917 1424 1072 1451 nomen
1093 1410 1172 1451 viri
1192 1412 1290 1451 Ix'en
1307 1415 1328 1460 l
1345 1411 1422 1451 t-Zsc
1439 1415 1459 1460 s
1474 1425 1592 1451 m-cm
1614 1425 1740 1464 supra
1760 1410 1817 1449 al-

265 1487 401 1527 latum
424 1486 484 1538 (p.
512 1484 626 1535 792).

385 1551 673 1606 Quintuplicis
703 1552 769 1592 vel
791 1551 1034 1606 sextuplicis
1056 1550 1298 1604 exemplum
1320 1550 1588 1599 cambricum,
1615 1549 1649 1589 si
1671 1564 1818 1589 nume-

270 1631 387 1666 ratur
419 1623 574 1664 vocalis
596 1622 626 1672 i,
653 1629 716 1663 est
737 1622 927 1663 hodiem.
956 1622 1052 1676 llyw
1068 1625 1090 1671 l
1106 1622 1201 1661 θεῖ-ν
1217 1626 1237 1671 s
1253 1620 1347 1662 aeth
1364 1625 1384 1671 s
1400 1620 1505 1669 bad,
1533 1621 1629 1675 llyw
1646 1624 1667 1670 s
1683 1620 1700 1660 i
1713 1624 1734 1671 s
1750 1621 1819 1660 od-

269 1700 331 1749 rs
347 1694 442 1736 aetla
467 1698 489 1745 l
513 1694 607 1734 i-ad
634 1695 848 1746 (exercens
878 1692 1064 1732 officium
1092 1690 1430 1744 gubernationis,
1464 1691 1761 1744 gubernator),
1798 1704 1820 1729 e

271 1765 409 1806 radice
440 1765 536 1818 llyw
559 1765 750 1817 (remus),
777 1777 882 1817 quae
911 1754 1104 1816 augendo
1124 1761 1312 1815 procedit
1332 1775 1405 1815 per
1428 1761 1620 1816 llywyaw
1643 1762 1819 1814 (regere)

272 1837 389 1876 Mab.
417 1840 455 1884 3,
484 1838 579 1883 297,
607 1833 884 1889 llyzm'awdyr,
911 1833 1157 1886 llywawclyr
1179 1832 1468 1885 (gubernator)
1491 1832 1543 1870 ad
1569 1831 1720 1871 formas
1744 1830 1820 1885 lly-

273 1904 518 1953 wiodraetla,
555 1903 843 1959 Zlywoclraetlz,
876 1917 971 1942 cum
1001 1903 1125 1941 verbo
1155 1916 1229 1941 suo
1260 1900 1305 1940 in
1336 1901 1502 1950 -ccetlm,
1536 1901 1648 1940 unde
1680 1900 1819 1955 llywo-

273 1975 512 2023 (Zraethz‘ad,
539 1973 824 2028 llywv'odraetle
833 1972 917 2012 iad.

712 2367 893 2412 CAPU
900 2367 940 2411 T
987 2365 1382 2411 SECUNDUM.

814 2501 889 2546 De
924 2499 1283 2559 compositione.

393 2640 718 2696 Compositionis
747 2639 946 2680 facultate
975 2639 1122 2691 lingua
1151 2637 1297 2677 celtica
1317 2652 1403 2677 non
1426 2637 1536 2677 cedit
1556 2636 1713 2690 linguis
1735 2637 1822 2677 affi-

278 2715 419 2763 nibus,
444 2727 566 2767 quae,
591 2719 640 2751 ut
670 2709 823 2758 indica,
857 2724 1018 2762 graeca,
1042 2708 1295 2761 germanica,
1323 2723 1369 2748 ea
1390 2707 1571 2748 maxime
1593 2706 1819 2754 excellunt,

280 2791 321 2824 et
341 2784 466 2837 longe
487 2788 656 2836 superat
677 2794 759 2829 eas,
786 2793 906 2832 quae,
927 2786 975 2818 ut
991 2778 1136 2827 latina,
1158 2778 1326 2827 slavica,
1347 2779 1491 2818 eadem
1506 2777 1647 2817 minus
1664 2776 1819 2816 valent.

393 2854 431 2893 A
461 2859 627 2893 vetusta
656 2851 899 2906 linguarum
930 2848 1122 2888 affinium
1150 2848 1427 2901 componendi
1457 2862 1602 2888 norma
1622 2845 1820 2900 generali,

280 2938 384 2977 quae
414 2922 620 2963 vocalium
651 2929 733 2962 tres
764 2919 900 2973 apices
922 2920 974 2967 A,
1001 2919 1037 2967 I,
1064 2918 1102 2957 U
1126 2917 1272 2957 finales
1298 2918 1493 2971 primitus
1516 2919 1561 2957 in
1583 2915 1822 2956 nominibus
