1920 3220
388 187 442 226 V.
472 191 508 225 1.
561 199 802 225 DERlVATm
827 199 1099 225 BRITANNICA
1124 198 1427 229 momnimm.
1609 184 1689 222 797

135 301 337 347 (terebra;
364 300 517 339 eambr.
545 299 643 338 hod.
672 299 850 352 taradyr
871 300 1022 350 mase.)
1045 298 1101 351 gl.
1128 299 1270 338 Oxou.
1298 299 1400 351 Leg.
1429 300 1467 337 2.
1493 302 1529 336 1.
1553 302 1591 336 4.
1609 311 1693 349 pa-

135 370 274 418 ladar,
291 370 484 424 paladyr
506 369 664 421 (hasta)
688 370 790 421 Leg.
819 372 924 407 2.1.
951 373 1017 407 (2¹5.
1045 369 1161 407 Mab.
1183 369 1241 421 fq.
1287 370 1417 409 Porro
1439 383 1535 408 eum
1556 367 1693 407 vocali

133 441 336 493 producta
358 440 401 479 in
424 440 579 479 eanrbr.
601 438 912 492 wulteran-(lyr,
935 445 1192 478 transsumto
1212 438 1284 478 lat.
1307 439 1549 491 ίηψθναίον,
1565 438 1693 491 juxta

134 512 245 563 quod
275 518 416 550 tamen
448 510 694 563 ponendum
727 517 789 548 est
811 508 1086 548 vernaculum
1110 509 1358 563 llywazcclgsr
1380 510 1688 561 (gubernator).

248 580 425 621 Corniea
468 579 711 631 hujusmodi
751 579 878 619 etiam
918 585 1144 619 occurrunt
1180 579 1224 617 in
1261 580 1447 619 Yoeab.:
1480 579 1692 632 piscadur

135 651 368 705 (piscator),
394 650 599 704 rm'fadecr
621 652 795 701 (remex,
821 650 987 701 nauta),
1014 650 1222 688 cascadm·
1244 649 1496 702 (dormitor),
1522 665 1692 693 coneor-

135 721 280 760 dantia
314 735 410 760 culn
446 720 659 760 hodiernis
697 721 851 760 eambr.
885 720 1104 772 pascaclm·
1127 719 1429 772 (pabulator),
1460 721 1692 772 pennczdecr

136 791 382 844 (princeps).
437 791 703 830 Armorieum
741 805 862 844 porro
904 790 1146 844 exemplum
1179 790 1346 829 videtur
1366 792 1586 842 peneclom·
1615 792 1692 836 (af-

135 861 321 901 flictione
348 868 569 914 gravatus:
606 861 776 902 cao-lebet
805 861 861 901 lea
897 861 998 916 loffi·
1029 861 1213 901 meurbet
1234 860 1289 900 Ῐια
1313 862 1549 914 peneadem)
1574 861 1688 900 Buh.

141 938 234 981 196,
263 935 329 972 21.

252 1003 467 1043 Armorica
485 1010 627 1043 eontra
645 1002 726 1042 alia
743 1002 1007 1043 substantiva
1024 1001 1259 1042 desinentia
1278 1001 1321 1041 in
1340 1002 1469 1041 -aclur
1486 1002 1693 1041 abstracta

136 1081 236 1113 sunt
273 1088 294 1112 e
324 1073 460 1113 verbis
489 1074 690 1121 formata,
726 1073 784 1113 ita
814 1081 862 1113 ut
893 1073 995 1113 haee
1027 1073 1267 1113 terminatio
1299 1088 1320 1112 e
1350 1073 1425 1112 lat.
1459 1080 1500 1112 et
1527 1087 1688 1112 roman.

137 1150 295 1192 -αίιινα,
322 1149 451 1193 -ῖῑινα,
479 1144 606 1184 -itzcre
627 1151 716 1183 orta
738 1143 869 1183 videri
890 1143 1036 1197 possit,
1058 1158 1094 1183 e.
1114 1157 1177 1196 gr.
1203 1143 1247 1183 in
1269 1142 1354 1182 his:
1373 1142 1583 1196 pleyaclm·
1605 1146 1692 1189 (vo-

136 1214 292 1263 luntas,
319 1214 650 1267 beneplaeitum)
673 1214 786 1253 Buh.
815 1219 881 1263 40,
912 1219 948 1253 1.
976 1218 1044 1263 48,
1073 1216 1138 1253 20.
1166 1214 1360 1253 croeaclzcr
1381 1215 1603 1265 (ereatura,
1630 1213 1692 1252 in-

136 1284 247 1337 fans)
272 1288 339 1333 48,
368 1288 434 1324 24.
465 1289 559 1333 100,
588 1288 655 1324 20.
687 1288 779 1333 102,
810 1290 846 1324 7.
892 1284 1112 1324 Hodierna
1133 1284 1192 1323 ita
1215 1283 1439 1324 terminata
1458 1284 1691 1323 masculina

136 1363 250 1403 511111,
279 1364 327 1394 ut
350 1355 578 1395 bree'nadm·
600 1356 840 1408 (putredo),
861 1355 1122 1409 (swaskadur
1145 1354 1458 1408 (compressio),
1489 1362 1529 1393 et
1551 1354 1690 1393 addita

137 1441 198 1465 —ez
221 1428 294 1479 (=
323 1426 478 1465 eambr.
515 1426 646 1478 velle)
669 1427 779 1465 fiunt
806 1425 1025 1475 feminina,
1061 1440 1096 1465 e.
1122 1440 1184 1478 gr.
1222 1425 1482 1465 cleslcadurez
1505 1424 1692 1477 (institu-

136 1497 229 1550 tio),
257 1498 508 1537 berraclure:
531 1496 785 1549 (breviatio).

252 1567 480 1611 Quaeritur
510 1567 631 1616 inde,
667 1581 810 1607 nonne
841 1581 889 1606 ea
918 1567 1157 1607 terminatio
1187 1567 1241 1608 sit
1272 1567 1431 1607 variata
1460 1568 1693 1606 seeundum

136 1638 393 1678 romanieam
423 1653 444 1677 e
475 1638 681 1678 eambriea
712 1645 751 1677 et
783 1637 985 1676 armorica
1014 1637 1228 1690 primitiva
1257 1639 1399 1687 TER,
1433 1638 1579 1686 DER,
1614 1638 1694 1677 for-

136 1716 279 1747 mante
311 1709 517 1747 abstracta
548 1708 649 1747 item
680 1706 929 1756 masculina,
955 1722 1041 1747 non
1069 1723 1090 1747 e
1121 1709 1255 1748 verbis
1288 1708 1472 1762 quidem,
1507 1716 1694 1748 attamen

139 1792 190 1817 ex
213 1778 442 1831 adjectivis.
491 1778 710 1819 Cambriea
733 1777 946 1830 exempla:
974 1778 1136 1818 coehter
1159 1779 1368 1831 (rubedo),
1391 1780 1594 1833 yae-ynclc22·
1616 1779 1692 1831 (al-

138 1849 261 1901 bedo)
285 1849 399 1888 Mab.
432 1853 466 1897 1,
496 1852 590 1888 257.
623 1849 812 1889 immder
834 1849 1060 1901 (aequitas)
1086 1853 1123 1897 2,
1153 1852 1219 1888 21.
1255 1849 1519 1903 kyssazcmler
1541 1849 1693 1903 (pleni-

138 1919 259 1971 tudo)
279 1922 317 1967 2,
342 1923 407 1957 33.
435 1919 598 1958 ble'nder
616 1919 842 1972 (fatigatio)
864 1922 901 1967 2,
928 1924 992 1958 19.
1021 1920 1235 1974 (loqgsnder
1254 1918 1544 1972 (sufficientia)
1566 1924 1603 1969 2,
1623 1923 1689 1958 27.

139 1994 208 2029 40.
235 1988 434 2030 balehder
457 1990 688 2044 (superbia)
714 1993 752 2039 2,
782 1995 819 2029 7.
845 1990 1038 2044 amylder
1060 1989 1275 2042 (varietas)
1301 1993 1338 2038 2,
1368 1992 1435 2028 20.
1464 1994 1530 2029 27.
1562 2005 1693 2045 cyme-

139 2060 310 2100 (lrolder
332 2060 612 2113 (vicissitudo)
637 2064 676 2110 2,
705 2064 743 2100 S.
768 2063 834 2099 32.
880 2061 958 2100 Est
985 2059 1113 2114 hujus
1143 2059 1269 2100 etiam
1292 2060 1466 2100 variatio
1488 2061 1694 2101 eambriea

139 2131 278 2170 TRA:
301 2131 590 2186 esmwytlzcler,
613 2130 894 2185 esmuytlzdra
912 2130 1113 2183 (luxuria,
1135 2130 1313 2184 laetitia)
1333 2132 1450 2171 Mab.
1469 2135 1508 2180 2,
1533 2135 1599 2171 32.
1624 2136 1689 2171 34.

135 2200 366 2255 flu-yelcdrcc
398 2202 662 2255 (strenuitas)
688 2205 732 2250 2,
762 2206 828 2240 (50.
869 2201 1115 2256 eleouyndra
1148 2200 1402 2254 (intrepidus
1440 2202 1626 2255 animus)
1653 2207 1689 2251 3,

144 2276 236 2310 153.
283 2272 348 2311 Ob
380 2273 511 2311 subst.
547 2286 696 2311 armor.
734 2278 798 2312 ἵνα
828 2274 928 2324 (res)
962 2271 1191 2325 quaeritur,
1229 2286 1372 2311 annon
1402 2272 1534 2325 possit
1565 2273 1693 2312 statui

140 2341 400 2394 compositio,
426 2357 512 2382 non
536 2342 672 2382 solum
692 2342 737 2382 in
759 2342 840 2391 his,
866 2343 938 2382 sed
960 2342 1085 2382 etiam
1107 2341 1152 2380 in
1174 2341 1256 2381 illis
1280 2342 1509 2382 vocabulis.

254 2413 454 2453 Comica:
492 2413 694 2466 ywcmder
726 2413 972 2465 (debilitas)
1003 2413 1122 2452 Pass.
1151 2415 1226 2461 68,
1256 2416 1293 2451 3.
1324 2417 1424 2461 171,
1454 2417 1491 2452 3.
1522 2417 1623 2462 173,
1650 2418 1690 2452 4.

141 2485 314 2532 temder,
353 2484 510 2523 tomcler
533 2483 679 2535 (calor)
702 2484 861 2524 Vocab.
889 2484 1007 2523 Pass.
1036 2487 1103 2531 55,
1132 2486 1169 2522 3.
1214 2485 1380 2523 Armor.
1416 2483 1563 2523 lcirder
1586 2484 1693 2535 (lon-

139 2555 304 2609 gitudo)
326 2553 439 2593 Buh.
469 2555 534 2601 12,
565 2558 629 2592 17.

254 2637 299 2678 c)
324 2626 433 2665 Cum
462 2623 675 2664 vocalibus
705 2624 919 2677 productis
943 2623 1171 2664 derivantis
1193 2638 1217 2663 7·
1237 2624 1416 2664 formula
1437 2623 1694 2676 frequentior

140 2703 203 2736 est
224 2681 305 2735 AR
326 2695 372 2734 in
394 2694 669 2734 substantivis
691 2695 854 2748 generis
877 2694 1102 2734 masculini
1123 2695 1349 2747 plurimam
1371 2701 1546 2747 partem.

253 2764 471 2805 Cambriea
502 2765 715 2818 exempla:
758 2765 923 2804 callam·
953 2765 1069 2818 (hod.
1105 2766 1306 2813 eccllscwr,
1339 2765 1451 2817 plur.
1485 2765 1690 2815 callorau,

139 2850 285 2885 maso,
312 2836 383 2875 sed
411 2835 507 2874 fem.
534 2849 683 2874 armor.
708 2835 807 2875 hod.
836 2835 993 2884 lcaoter,
1019 2835 1078 2889 pl.
1106 2834 1206 2883 -2'021,
1233 2843 1273 2874 et
1295 2835 1384 2888 jam
1406 2835 1601 2875 caldaria
1622 2851 1690 2890 ap.

141 2907 268 2958 (ii-eg.
307 2906 408 2944 Tur.
435 2905 486 2944 de
514 2905 620 2957 glor.
655 2905 765 2945 conf.
793 2920 828 2945 e.
856 2910 924 2953 98,
959 2905 1048 2945 ital.
1085 2905 1280 2956 calclcy‘a,
1314 2905 1415 2958 gall.
1442 2905 1540 2945 hod.
1567 2905 1694 2947 chau-
